3042 4692
330 273 390 332 148.
717 293 752 333 u.
775 291 879 334 uultu
901 290 1060 335 orcnaorrrs

331 402 471 488 fugiebat
493 401 532 466 ad
552 401 737 485 Philippum
760 401 823 468 fere
846 403 902 468 aut
922 401 963 468 ad
984 401 1161 478 Caesarem3
1196 403 1248 442 *²¹⁸
1265 404 1283 441 *
1309 403 1397 470 Cotta
1416 406 1444 469 et

331 499 489 584 Sulpicius
510 501 738 585 expetebantur.
763 501 813 564 lta
834 500 873 565 ab
889 501 940 565 his
960 519 1011 565 ser
1026 500 1164 584 patronis
1185 519 1296 566 causae
1311 501 1444 567 illustres

330 599 514 684 agebantur3
537 617 635 682 neque
657 601 723 663 tarn
745 598 863 674 multa,
886 617 981 681 quam
1002 599 1106 663 nostra
1135 601 1237 664 aetate
1259 598 1376 664 iudicia
1395 600 1444 665 lie·

331 696 405 761 bant
427 716 526 780 neque
547 697 613 776 hoc,
630 695 710 780 quod
726 714 809 760 nunc
824 697 870 774 lit,
881 699 918 761 ut
932 714 1042 762 causae
1058 695 1201 780 singulae
1216 695 1444 764 defenderentur

258 797 312 852 208
330 795 526 878 a'pluribus;
549 814 610 877 quo
631 794 712 859 nihil
734 795 782 859 est
802 792 954 860 vitiosius.
977 793 1208 877 Respondemus
1228 793 1278 872 iis,
1295 814 1371 877 quos
1391 815 1442 861 non

330 892 579 968 audivimus31n
606 911 667 974 quo
689 893 826 975 primum
855 910 945 975 saepe
967 891 1060 956 aliter
1085 893 1132 956 est
1153 889 1284 971 dictum,
1307 893 1443 959 aliterad

329 1009 384 1055 nos
405 990 553 1067 relatum,
576 989 685 1055 deinde
714 990 821 1073 magni
843 990 972 1055 interest
998 1008 1100 1055 coram
1123 987 1225 1054 videre
1248 1009 1319 1069 me,
1348 1009 1444 1073 quem-

330 1087 496 1152 admodum
519 1086 711 1152 adversarius
733 1086 771 1152 de
793 1105 968 1170 quoquere
989 1086 1156 1165 adseveret,
1179 1087 1313 1154 manime
1336 1091 1445 1163 autem,

221 1173 224 1181 Δ
331 1183 590 1268 quemadmodum
606 1201 746 1266 quaeque
760 1203 810 1250 res
824 1183 980 1249 audiatur.
1004 1183 1063 1250 Sed
1078 1184 1159 1248 nilril
1173 1185 1326 1264 vitiosius,
1346 1205 1444 1268 quam,

331 1303 402 1349 cum
425 1301 523 1347 unum
545 1301 654 1365 corpus
676 1281 786 1347 debeat
807 1301 872 1348 esse
887 1281 1081 1361 defensionis,
1097 1282 1180 1346 nasci
1196 1281 1234 1347 de
1248 1283 1370 1369 integro
1384 1303 1444 1348 cau·

219 1373 221 1382 ‘
260 1383 313 1438 209
331 1399 407 1460 sam,
422 1399 494 1445 oum
516 1379 558 1444 sit
573 1381 612 1445 ab
627 1380 724 1445 altero
739 1382 889 1462 perorata.
911 1379 1061 1445 Omnium
1076 1381 1160 1446 enim
1175 1398 1340 1446 causarum
1355 1401 1445 1447 unum

331 1480 378 1543 est
399 1479 540 1543 naturale
562 1478 772 1561 principium,
799 1496 862 1541 una
887 1479 1053 1560 peroratio:
1075 1478 1214 1565 reliquae
1236 1481 1340 1561 partes
1364 1478 1445 1561 quasi

331 1576 471 1641 membra
496 1594 550 1640 suo
572 1593 711 1659 quaeque
740 1576 807 1639 loco
828 1574 929 1640 locata
957 1594 1046 1639 suam
1068 1577 1101 1640 et
1121 1576 1185 1642 vim
1213 1579 1245 1641 et
1266 1576 1445 1662 dignitatem

331 1676 444 1744 lenem.
469 1671 549 1738 Cum
570 1675 675 1738 autem
698 1671 826 1738 difficile
848 1672 891 1738 sit
904 1671 938 1736 in
952 1672 1045 1757 longa
1060 1674 1196 1739 oratione
1211 1693 1270 1739 non
1286 1671 1447 1757 aliquando

331 1771 453 1856 aliquid
474 1773 520 1837 ita
535 1770 646 1850 dicere,
668 1772 705 1836 ut
727 1771 787 1836 sibi
810 1770 876 1852 ipse
897 1789 957 1835 non
973 1772 1144 1850 conveniat,
1160 1774 1275 1853 quanto
1291 1771 1448 1839 difficilius

331 1888 454 1948 carere,
477 1888 514 1934 na
537 1867 613 1951 quid
635 1866 734 1942 dicas,
758 1867 840 1950 quod
862 1886 920 1932 non
943 1869 1104 1933 conveniat
1126 1869 1193 1934 eius
1219 1869 1369 1946 orationi,
1399 1868 1448 1950 qui

331 2081 457 2134 ramenta.
475 2109 512 2119 -
530 2077 593 2108 *¹⁴*
605 2078 684 2133 Cotto
702 2084 729 2132 et
745 2077 822 2147 δαίμ
835 2095 860 2135 u.
874 2080 947 2148 App.
960 2081 1019 2146 crit
1040 2110 1074 2120 -
1092 2081 1139 2134 Ita
1151 2103 1187 2128 ε
1198 2097 1247 2134 oon
1268 2079 1449 2150 quast'ordine.

333 2181 367 2190 -
385 2165 483 2205 caueae
499 2148 619 2204 illustres
634 2173 662 2196 =
677 2149 702 2202 le
720 2165 797 2204 cause
824 2151 870 2220 pid
897 2151 1020 2205 notevoli.
1048 2181 1084 2191 -
1112 2155 1167 2205 wan
1187 2151 1321 2204 mura=
1333 2154 1388 2204 cosi
1405 2151 1449 2204 ire·

332 2222 433 2289 quenti.
452 2250 485 2260 -
506 2237 577 2276 aare.
596 2219 767 2290 stupratam
784 2237 837 2275 una
855 2221 909 2275 sola
929 2238 1015 2275 causa.
1034 2251 1070 2261 —
1098 2239 1117 2276 a
1137 2221 1272 2290 pluribus.
1293 2239 1317 2276 v.
1340 2223 1401 2277 190.
1418 2248 1448 2259 -

331 2293 452 2348 vitiosius
464 2315 500 2339 =
512 2291 614 2362 peggio.
633 2321 669 2332 -
740 2295 818 2349 2⁰8.
838 2293 1036 2361 respondemus.
1055 2292 1218 2347 decennale
1243 2293 1347 2362 ragioni
1367 2311 1413 2362 per
1429 2293 1450 2344 le

332 2363 405 2434 quali
423 2365 518 2432 reputa
536 2364 637 2416 eattiva
655 2378 713 2416 cosa
731 2361 859 2417 l'affidare
877 2381 930 2417 una
948 2365 1004 2418 sola
1020 2380 1100 2418 causa
1117 2380 1133 2417 a
1151 2364 1248 2418 diversi
1270 2367 1403 2418 svvooati.
1420 2393 1449 2402 -

331 2451 399 2504 quoe
416 2452 472 2489 oon
488 2434 580 2489 audio.
598 2433 734 2488 Arrenius
752 2450 805 2487 non
818 2433 844 2487 di
863 2451 922 2488 raro
940 2434 987 2488 ohe
1005 2435 1044 2504 gli
1063 2435 1161 2487 oratori
1177 2451 1230 2488 non
1250 2439 1392 2502 potessero,
1410 2435 1449 2488 im·

332 2505 415 2575 pediti
432 2506 466 2559 da
484 2506 546 2559 altri
566 2505 650 2573 altari,
662 2505 791 2558 ascoltare
808 2506 877 2559 tutti
896 2506 916 2559 il
934 2504 1046 2560 discorso
1064 2505 1281 2559 dell'avrersario
1296 2536 1332 2546 -
1352 2508 1384 2560 in
1401 2521 1452 2574 quo

330 2599 368 2623 =
379 2576 445 2629 ende
463 2575 556 2629 arcade
574 2577 628 2629 ohe.
648 2606 682 2615 -
701 2581 740 2630 eet
757 2576 865 2631 dietum.
883 2575 992 2630 Intendi
1004 2576 1078 2645 dagli
1091 2578 1240 2630 avversarii.
1260 2607 1295 2616 -
1315 2593 1450 2631 coram:

331 2647 547 2716 personalmente.
566 2676 601 2685 -
619 2647 768 2714 quemadm.
797 2647 883 2702 odeeu
902 2672 938 2693 =
959 2664 990 2700 su
1008 2647 1082 2716 quali
1106 2647 1254 2716 argomenti
1271 2647 1347 2701 tondi
1366 2649 1392 2701 le
1409 2662 1451 2701 sua
1488 2692 1489 2721 ἦ

332 2717 478 2771 assertioni.
497 2746 531 2755 -
549 2718 671 2772 maxime.
691 2717 786 2783 Quale
799 2717 818 2770 il
832 2717 909 2772 verbo
930 2718 1091 2772 sottinteso?
1102 2748 1138 2758 -
1150 2719 1301 2787 quemadm.
1320 2721 1452 2773 audiatur

331 2812 367 2833 =
379 2787 566 2856 l'impressione
583 2787 630 2841 che
648 2789 719 2857 sngli
738 2788 837 2842 uditori
858 2789 967 2857 produce
988 2789 1109 2842 l'oratore
1127 2789 1154 2842 di
1174 2806 1251 2843 mano
1269 2790 1298 2842 in
1318 2789 1452 2844 manocho

332 2859 439 2912 afferma
457 2857 568 2928 qualche
586 2875 652 2912 cosa.
672 2859 703 2913 In
722 2860 763 2912 tal
781 2859 856 2913 modo
885 2860 1013 2913 l'orctore
1041 2860 1105 2914 vede
1127 2860 1216 2914 subito
1234 2877 1266 2914 so
1284 2862 1360 2930 quali
1380 2860 1451 2931 ponti

332 2930 395 2984 deve
413 2930 629 2998 principalmente
657 2931 760 3000 volgare
778 2931 799 2983 il
817 2948 864 2985 suo
888 2931 1008 2986 discorso.
1028 2961 1063 2971 -
1080 2947 1140 2985 cum
1186 2931 1352 2994 defensionis
1364 2957 1401 2978 =
1412 2931 1453 2983 do

332 3000 415 3055 vendo
433 3001 459 3054 la
477 3000 559 3056 diiesa
577 3001 688 3054 formare
706 3018 778 3054 come
795 3018 832 3055 un
851 3001 904 3055 eolo
923 3003 1079 3072 organismo.
1099 3031 1134 3042 -
1145 3004 1222 3056 nasci
1233 3027 1271 3048 =
1281 3003 1305 3056 si
1324 3002 1410 3058 dobba
1422 3002 1452 3054 ri·
1487 3006 1488 3043 ὲ

332 3078 436 3127 tornare
455 3072 480 3126 al
500 3072 633 3142 principio.
653 3071 802 3140 L’imagine
819 3073 955 3127 racchiusa
979 3074 1005 3126 in
1024 3074 1104 3127 nasci
1120 3076 1133 3125 e
1150 3073 1276 3126 richiesta
1295 3073 1329 3127 da
1349 3090 1452 3143 empto.
1487 3046 1488 3127 i

332 3174 365 3182 -
384 3145 416 3198 da
434 3145 530 3212 inlepr.
543 3167 579 3189 =
590 3142 619 3195 di
637 3159 701 3198 sana
719 3145 819 3212 planta.
839 3174 874 3184 -«
888 3145 1152 3212 perorata=finita
1170 3143 1198 3196 di
1217 3149 1342 3198 trattare.
1358 3163 1383 3199 v.
1399 3146 1451 3199 190.

332 3245 366 3253 -
438 3218 516 3272 209.
532 3215 649 3283 princip.
662 3237 698 3260 =
713 3215 820 3277 esordio,
839 3215 1028 3269 introduzione.
1052 3215 1265 3280 Naturalmeute,
1284 3217 1394 3284 quando
1412 3216 1452 3285 piri

331 3287 404 3338 siano
422 3285 462 3352 gli
480 3285 585 3348 oratori,
604 3301 708 3352 ognuno
727 3285 881 3339 cominoiera
899 3287 920 3340 il
937 3303 984 3339 sno
1003 3286 1114 3340 discorso
1141 3302 1188 3339 oon
1209 3302 1245 3339 un
1264 3287 1378 3353 esordio,
1396 3304 1410 3340 e
1426 3286 1454 3338 fi-

331 3356 389 3409 nirt
408 3372 455 3409 oon
472 3371 526 3409 una
543 3357 715 3424 peroratione.
734 3385 770 3395 -
784 3358 931 3424 peroratio.
945 3374 969 3410 v.
984 3355 1043 3411 190.
1058 3387 1093 3396 -
1110 3358 1229 3426 reliquae
1236 3364 1342 3425 partes.
1358 3377 1382 3412 v.
1399 3357 1452 3411 190.

332 3457 366 3466 -
384 3427 466 3496 quusi
509 3432 597 3480 meent
608 3451 645 3473 =
656 3445 717 3480 sono
735 3444 806 3481 come
825 3428 850 3482 le
862 3427 986 3493 membra,
1001 3428 1025 3481 le
1038 3428 1112 3496 quali
1123 3429 1279 3497 aequistanc
1293 3430 1453 3483 un'effioaoie

330 3515 344 3550 e
362 3498 525 3565 importante
543 3497 698 3566 particolare
717 3498 816 3567 (cuam)
835 3499 939 3569 quando
957 3499 979 3551 sl
998 3500 1101 3553 trouino
1120 3499 1146 3552 al
1165 3501 1269 3568 proprio
1287 3505 1372 3569 posto.
1386 3499 1454 3552 Note

332 3568 513 3623 l'odla'tteratic
540 3570 568 3621 in
597 3568 652 3623 loco
679 3569 773 3623 locata.
793 3599 828 3610 -
845 3587 905 3623 cum
929 3569 1203 3624 autem...sit=Ma
1221 3587 1249 3622 se
1267 3573 1318 3624 t...
1339 3603 1377 3612 -
1394 3587 1452 3625 non.

331 3639 508 3706 Congiungllo
526 3656 542 3692 a
560 3641 653 3695 (tmere.
673 3670 708 3680 -
726 3641 783 3706 ipse
794 3665 830 3686 =
842 3641 868 3693 la
887 3657 995 3709 persona
1013 3640 1060 3693 clre
1078 3641 1160 3709 parla.
1180 3640 1204 3693 11
1222 3646 1345 3694 conoetto
1370 3645 1385 3696 ὸ
1403 3658 1452 3694 rao

331 3708 422 3763 chineo
448 3712 491 3764 nel
519 3711 672 3780 precedente
700 3711 778 3764 uerbo
802 3712 895 3766 dicere.
914 3711 968 3766 cfr.
990 3710 1137 3778 Yuec.,IV,
1152 3713 1200 3764 17:
1226 3735 1238 3759 ‹
1252 3716 1294 3765 est
1313 3713 1455 3766 aerunlatio

331 3779 476 3849 aegritudo,
495 3781 518 3834 ei
536 3798 565 3835 eo
583 3782 652 3850 quod
670 3782 839 3850 concupierit,
857 3783 925 3836 alius
949 3784 1076 3850 potiatur,
1095 3783 1150 3851 ipse
1167 3783 1213 3852 (=
1225 3784 1273 3850 qui
1291 3784 1454 3849 aemulatur}

331 3857 419 3905 careat
431 3873 455 3904 a.
477 3883 509 3891 —
527 3853 581 3906 sibi
597 3868 651 3907 non
670 3855 856 3907 conveniat:
867 3852 932 3906 cada
950 3854 978 3906 in
991 3851 1183 3906 contraditione
1201 3869 1249 3906 con
1267 3857 1296 3905 se
1315 3858 1410 3908 stesso.
1423 3884 1453 3893 -

329 3929 433 3990 quanto
451 3923 507 3990 deff.
528 3923 558 3976 ln
578 3924 636 3977 ital.
656 3925 830 3993 aggiungerai
847 3923 1102 3993 all'interroganione
1120 3924 1148 3977 la
1166 3923 1306 3994 perticella
1331 3927 1454 3995 negativa

329 4010 385 4047 cort
396 4017 431 4039 =
443 3998 543 4063 quanto
562 4012 612 4047 non
631 3993 709 4048 derra
728 4012 811 4048 essere
823 4011 872 4048 eoo.
893 4025 929 4034 -
946 4012 980 4049 ne
997 3996 1063 4064 quid
1081 3996 1164 4049 dacae.
1183 3994 1244 4048 Non
1263 3995 1368 4050 avendo
1386 3998 1408 4050 il
1421 3997 1454 4049 la·

328 4065 386 4118 tino
404 4083 440 4118 un
459 4081 532 4134 pron.
551 4064 760 4134 oorrispcndente
773 4066 878 4121 all'ital.
890 4067 921 4130 si,
934 4067 1029 4120 ricorre
1047 4083 1132 4135 epesso
1145 4066 1199 4119 alla
1211 4066 1325 4120 seconde
1344 4083 1454 4137 persona
