3042 4692
324 327 364 385 50
517 339 518 348 ¹
703 342 738 384 u.
762 340 865 384 runnu
885 340 1042 383 crcnaonrs

325 472 395 520 vero
417 453 522 539 ignoro
537 453 673 520 nondum
695 472 759 546 esse
775 453 851 518 satis
871 453 1005 538 politum
1027 454 1110 518 hunc
1125 453 1276 517 oratorem
1297 454 1330 518 et
1353 471 1436 536 quae

325 552 456 617 rendum
473 569 537 616 esse
553 551 674 634 aliquid
688 551 869 636 perfectius3
885 550 998 635 quippe
1013 568 1085 615 oum
1100 550 1146 615 ita
1160 550 1203 615 sit
1218 549 1257 614 ad
1271 551 1436 616 nostrorum
1484 574 1486 579 ·

325 651 499 734 temporum
526 649 677 715 rationem
699 650 801 728 velus,
828 649 861 712 ct
881 648 1002 714 nullius
1024 647 1173 733 scriptum
1202 648 1285 712 extet
1314 647 1436 732 dignum
1484 668 1486 709 τ

325 746 451 829 quidem
480 747 631 826 lectione,
660 745 741 830 quod
774 746 816 811 sit
845 745 1014 828 antiquius.
1042 744 1102 811 Sed
1128 743 1243 811 maiore
1269 744 1384 810 honoro
1409 744 1436 807 in
1484 759 1486 804 r

235 919 238 927 f
325 845 467 912 omnibus
490 844 608 910 artibus
632 863 726 927 quam
747 844 780 908 in
800 843 858 908 hac
880 863 943 908 uua
956 842 1078 909 dicendi
1100 844 1240 909 versatur
1261 842 1436 926 antiquitas.
1484 810 1486 852 Ι

273 951 307 1007 70
326 941 403 1022 Quis
425 943 508 1007 enim
530 960 645 1022 corum,
668 943 722 1026 qui
744 942 821 1006 haec
842 941 962 1007 minora
983 940 1243 1021 animadvertunt,
1270 958 1330 1006 nou
1356 939 1437 1005 intel·
1484 974 1486 1011 1

324 1040 403 1126 legit
418 1039 553 1104 Canachi
567 1039 656 1125 signa
670 1039 819 1124 rigidiora
832 1058 907 1119 esse,
923 1058 1017 1122 quam
1032 1039 1069 1105 ut
1081 1038 1246 1103 imitentur
1262 1038 1436 1112 veritatem
1484 1014 1486 1149 l

326 1136 495 1203 Calamidis
509 1136 587 1202 dura
608 1137 665 1202 illa
681 1137 817 1220 quidem,
839 1136 892 1201 sed
907 1137 1010 1202 tamen
1026 1136 1169 1219 molliora
1184 1155 1278 1219 quam
1293 1135 1436 1208 Canachi3

325 1235 461 1301 nondum
478 1235 615 1320 Myronis
638 1235 713 1300 satis
735 1234 775 1300 ad
796 1235 959 1302 ueritatem
982 1234 1125 1314 adducta,
1147 1234 1212 1299 iam
1227 1235 1344 1312 tamen,
1367 1251 1436 1316 quae

247 1349 249 1356 ’
325 1351 385 1404 uon
413 1332 535 1400 dubites
563 1333 672 1418 pulcra
698 1332 813 1412 dicerc;
840 1332 996 1417 pulcriora
1021 1332 1117 1399 etiam
1144 1330 1293 1417 Polycliti
1321 1333 1355 1398 ct
1381 1331 1437 1395 ian

325 1563 415 1617 creber
435 1586 472 1608 =
491 1563 564 1616 ricco.
584 1593 619 1603 -
645 1563 751 1618 dictiue.
772 1587 809 1610 =
831 1562 911 1618 vario.
930 1579 955 1617 r.
974 1561 995 1616 il
1012 1560 1129 1630 giudizio
1150 1561 1178 1614 di
1197 1559 1283 1616 Gellio
1308 1559 1357 1614 ohe
1382 1562 1439 1614 noia

325 1634 352 1686 in
371 1633 411 1686 lui
428 1633 449 1688 il
467 1633 562 1688 discito
575 1633 645 1690 delle
669 1657 681 1683 ‹
693 1633 881 1699 mencientes»,
893 1635 921 1687 iu
933 1634 998 1688 Dic.
1012 1634 1095 1703 bicor.
1108 1631 1216 1686 Catone.
1236 1663 1271 1671 ·-
1291 1632 1369 1687 Cato.
1383 1629 1438 1686 Con·

325 1704 437 1758 scrvcrai
450 1706 531 1760 anche
543 1707 571 1759 in
582 1705 640 1760 ital.
655 1706 680 1758 la
692 1706 822 1776 posiciono
840 1704 954 1759 eulatica
972 1704 1014 1758 dcl
1032 1705 1162 1774 suggette.
1181 1734 1217 1742 -
1270 1702 1375 1756 XVIIL
1389 1703 1439 1756 Noc

324 1791 385 1830 cero
397 1801 432 1822 =
445 1793 488 1830 ma
506 1792 566 1831 non.
585 1777 691 1844 Madau,
712 1777 774 1844 458,
796 1777 820 1830 d.
839 1808 875 1817 -
888 1775 966 1845 polit.
976 1777 1082 1831 =fino.
1101 1805 1135 1815 —
1153 1775 1253 1844 quippe
1279 1791 1342 1828 cum
1353 1798 1391 1820 =
1402 1772 1438 1825 dal

324 1849 456 1900 momento
475 1847 555 1901 che...
574 1847 598 1901 Il
616 1864 690 1917 cong.
702 1849 776 1902 sitia
789 1848 872 1902 sentin
888 1847 984 1918 meglio
1005 1846 1052 1900 ohe
1071 1845 1124 1901 Cic.
1143 1846 1254 1915 caprime
1272 1861 1325 1898 nna
1346 1863 1395 1899 sua
1405 1845 1439 1898 in·

325 1917 458 1972 dividuale
476 1919 603 1987 opinione.
624 1950 658 1960 -
676 1920 713 1973 ad
724 1925 807 1974 nostr.
822 1925 876 1974 rat.
890 1924 997 1987 tempor.
1018 1935 1041 1971 v.
1060 1918 1105 1972 49.
1119 1917 1210 1971 -scd
1226 1916 1327 1970 murore
1346 1917 1438 1971 leon...

325 1988 475 2057 antiquitus
486 2013 523 2034 =
535 2006 578 2042 ma
595 1989 606 2042 i
625 1991 706 2044 nostri
726 1989 826 2044 antichi
847 1991 989 2044 riuscirono
1009 1989 1077 2043 assai
1091 1988 1186 2056 meglio
1204 1989 1232 2040 in
1251 1991 1324 2042 tutte
1338 1987 1365 2041 le
1378 1988 1439 2040 altre

325 2062 378 2112 arti
396 2059 444 2112 cho
461 2059 489 2112 in
507 2062 601 2130 questa
619 2061 673 2114 sola
691 2060 904 2130 dcll’eloqucnza.
922 2091 958 2102 -
975 2061 1037 2114 mai.
1057 2061 1120 2114 dou.
1132 2063 1146 2112 e
1158 2059 1211 2113 abl.
1223 2058 1252 2113 di
1264 2058 1393 2112 muniere.
1410 2086 1439 2097 -

219 2185 222 2190 .
325 2130 378 2188 7⁰.
398 2129 452 2184 Cic.
471 2130 505 2184 dd
523 2132 629 2202 ragione
648 2131 715 2186 delle
733 2131 911 2200 imperiosioni
937 2131 964 2185 di
991 2132 1090 2187 Catone
1107 2129 1148 2184 col
1166 2147 1301 2200 progresso
1318 2128 1441 2198 graduale

325 2201 373 2254 che
390 2204 404 2254 d
423 2201 525 2270 proprio
544 2202 571 2256 di
589 2203 652 2272 ogui
670 2207 734 2256 arte.
755 2202 868 2269 Quintil.
886 2203 923 2256 ha
940 2201 1046 2256 imitato
1065 2205 1158 2272 questo
1175 2201 1253 2270 luogo
1271 2201 1300 2254 in
1318 2201 1384 2267 XII,
1403 2199 1439 2264 10,

326 2271 395 2327 7-10.
415 2303 450 2312 —
468 2274 545 2327 enim.
564 2273 624 2327 Non
643 2276 657 2327 d
675 2275 817 2328 necessario
834 2275 882 2328 che
900 2275 926 2328 lo
944 2274 1057 2343 esprima
1072 2273 1101 2327 in
1120 2271 1187 2326 itala
1205 2273 1249 2325 nel
1268 2272 1355 2326 latino
1376 2287 1440 2325 serre

325 2343 359 2397 nd
377 2343 492 2399 iudicare
510 2345 531 2398 il
544 2362 622 2399 nesso
635 2344 681 2399 che
692 2345 792 2415 collega
804 2349 897 2415 questo
909 2345 1012 2414 periodo
1023 2345 1064 2398 col
1076 2344 1236 2413 procedente.
1256 2373 1290 2382 -
1309 2343 1439 2398 unimoda

324 2439 361 2460 =
372 2431 475 2484 pongon
495 2421 591 2470 mente.
611 2447 645 2456 -
663 2419 769 2471 minora
780 2434 845 2471 =a
863 2432 919 2470 cose
932 2415 960 2469 di
972 2416 1071 2469 minore
1088 2415 1259 2484 importunae.
1273 2413 1344 2468 Sono
1357 2416 1383 2468 lc
1394 2412 1440 2467 arti

325 2503 339 2539 e
357 2486 396 2554 gli
414 2486 505 2540 antisti
522 2487 550 2541 di
568 2488 610 2541 cui
628 2489 703 2556 parle
721 2486 809 2541 subito
834 2487 908 2556 dopo.
927 2503 953 2540 v.
971 2486 988 2540 3
1006 2486 1117 2541 leuiores
1142 2491 1223 2539 artes.
1243 2483 1295 2550 Qui
1314 2485 1373 2540 Cic.
1391 2485 1440 2538 dioc

325 2558 431 2611 minora
449 2557 473 2610 le
493 2557 545 2612 arti
563 2557 631 2610 belle
649 2559 677 2612 in
696 2557 830 2612 confronto
848 2558 910 2612 dell'
920 2558 1061 2627 eloquenza
1081 2557 1260 2611 informatrice
1277 2556 1306 2610 di
1325 2560 1404 2610 tutta
1421 2555 1442 2607 la

325 2628 383 2680 rita
400 2627 532 2695 pubblica,
550 2628 597 2681 che
615 2645 660 2698 per
677 2629 698 2682 il
709 2629 826 2683 Romano
844 2646 888 2684 cra
906 2631 988 2682 tutto.
1000 2659 1035 2668 -
1047 2629 1129 2682 intell
1142 2652 1178 2672 =
1189 2644 1241 2680 non
1254 2627 1325 2681 sede.
1344 2658 1377 2668 -
1397 2623 1441 2680 Oc·

325 2697 413 2750 crucht.
427 2714 450 2750 v.
464 2699 527 2751 Dia.
541 2699 624 2767 bicor.
644 2699 809 2766 Quintiliano
831 2701 857 2753 al
878 2692 957 2770 luogo
972 2700 1054 2754 citato
1072 2716 1125 2753 non
1143 2699 1250 2752 nomina
1268 2697 1385 2766 Canaco,
1403 2713 1442 2750 ma

326 2768 435 2823 Callone
453 2769 480 2825 di
499 2769 587 2838 Egina
605 2769 651 2823 che
669 2771 728 2824 fiorl
746 2788 808 2842 poco
826 2771 942 2841 dopo—
953 2771 1033 2841 ποῖά.
1046 2793 1082 2816 =
1095 2773 1186 2838 troppo
1199 2770 1274 2837 goffe.
1286 2771 1360 2824 aaa
1379 2769 1443 2824 and·

325 2839 411 2908 quior.
441 2868 474 2878 —
501 2857 582 2909 quum
600 2846 639 2896 ut.
658 2842 857 2911 L’espressione
878 2842 1163 2909 dellittica=quam
1180 2840 1271 2894 deceat
1289 2847 1329 2894 cet.
1359 2871 1393 2881 -
1415 2843 1443 2891 ut

325 2911 391 2962 imit.
410 2926 462 2965 ocr.
476 2935 512 2956 =
533 2929 579 2982 per
595 2929 677 2967 essere
696 2914 821 2966 naturali.
840 2944 875 2953 -
895 2912 998 2969 Galam.
1018 2931 1042 2968 r.
1066 2913 1129 2966 Dic.
1152 2911 1237 2980 diogr.
1254 2941 1289 2952 -—
1308 2912 1384 2966 dura
1401 2910 1443 2964 cllo

325 2981 430 3050 quidem
442 3005 478 3027 =
490 3000 551 3037 sono
569 2983 644 3038 bensl
662 2987 788 3038 stentate.
810 3001 833 3038 v.
850 2984 882 3038 18
901 3001 956 3039 uon
973 2986 1009 3040 iii.
1028 2984 1102 3053 quid.
1122 3013 1157 3022 -
1174 2983 1298 3037 molliora
1309 3007 1348 3029 =
1359 2983 1443 3036 hanno

325 3069 361 3104 un
381 3053 421 3122 po’
435 3053 479 3120 pid
507 3053 534 3109 di
561 3055 643 3123 garbo
661 3055 803 3126 (souplcaae
821 3056 861 3110 do'
874 3055 1017 3123 Fraucesi).
1037 3054 1153 3109 Dionisio
1171 3053 1232 3107 loda
1249 3054 1295 3124 (de
1312 3055 1401 3109 Isocr.
1419 3052 1443 3121 3)

326 3121 459 3178 celandae
478 3131 530 3192 τῆς
556 3127 731 3194 λεπτότητος
755 3128 835 3180 ἕνεκα
857 3128 902 3180 καὶ
923 3128 1043 3194 χάριτος.
1070 3151 1104 3166 -
1126 3125 1264 3195 Myronis.
1291 3143 1317 3180 v.
1335 3126 1443 3179 Diaiou.

326 3195 410 3262 dicor.
429 3225 464 3235 -
482 3194 602 3248 modum
620 3196 686 3250 sutis
703 3195 766 3248 add.
785 3195 823 3248 ad
833 3211 887 3249 uer.
898 3219 935 3240 =
946 3211 998 3249 non
1010 3212 1103 3250 ancora
1115 3196 1300 3250 iniieramente
1317 3195 1442 3251 naturali.

325 3265 433 3318 -c'om
452 3271 514 3320 iam.
533 3282 675 3334 quotenos
694 3267 930 3320 dub.=matali
949 3267 1059 3334 giaclm
1080 3270 1111 3320 lu
1139 3284 1191 3320 uon
1219 3267 1353 3322 ositercsti
1373 3285 1390 3322 a
1407 3265 1444 3319 dir

325 3334 401 3390 belle.
420 3336 518 3390 Pcrchd
535 3337 556 3389 il
574 3353 648 3405 cong.
667 3337 793 3391 dubites?
811 3366 847 3377 -
864 3337 967 3407 Polycl.
986 3337 1018 3392 V.
1037 3337 1100 3392 Iud.
1115 3337 1198 3407 dc‘oqr⁴
1209 3337 1270 3391 Non
1283 3341 1299 3392 d
1311 3339 1445 3392 nominato

325 3405 404 3460 Fidis
421 3405 483 3477 (228
502 3424 516 3460 e
535 3407 598 3478 257)
615 3409 662 3460 che
675 3407 796 3462 Cicerone
814 3409 946 3462 considera
967 3425 1068 3478 sempro
1088 3425 1159 3462 como
1180 3408 1284 3462 l'idcale
1303 3409 1377 3465 della
1395 3425 1444 3478 per·

325 3478 431 3544 senione,
450 3495 501 3532 non
519 3479 564 3546 gil
582 3478 683 3546 perche,
702 3495 774 3532 come
800 3479 876 3533 uncle
902 3479 922 3533 11
940 3479 1020 3543 Jahn,
1039 3497 1083 3534 eru
1102 3480 1127 3532 lo
1154 3481 1268 3534 acultorc
1286 3479 1364 3535 della
1383 3479 1445 3534 diri·

325 3550 384 3602 nita
401 3566 415 3602 o
434 3565 486 3602 uon
503 3548 545 3602 del
564 3549 621 3618 tipo
640 3565 744 3617 umano,
762 3551 794 3602 nd
815 3550 907 3619 perche
934 3567 949 3605 a
974 3550 1058 3604 Roma
1084 3568 1147 3621 poco
1170 3551 1192 3605 si
1219 3567 1364 3606 couosceva
1382 3551 1445 3605 delle

237 3661 241 3664 ·
325 3619 1237 3759 titrtdnltlitltltffitrddtattitidisistit
1253 3620 1445 3749 stillllll

497 3731 504 3756 5
694 3731 701 3756 i
1438 3731 1445 3757 7

326 3757 448 3814 Cicerone
466 3777 519 3814 nou
545 3761 697 3830 comprenda
716 3763 789 3815 tutto
816 3762 842 3815 lo
869 3764 1042 3833 evolgimeuto
1063 3763 1183 3818 dcll’arte
1211 3780 1297 3832 greca,
1322 3781 1369 3819 ma
1395 3763 1444 3818 solo

325 3830 345 3884 il
364 3830 467 3900 periodo
485 3830 532 3884 ohe
550 3831 572 3884 si
591 3835 641 3900 pud
659 3831 714 3887 dire
732 3834 758 3887 di
779 3835 961 3902 preparaaione
988 3851 1003 3888 c
1028 3836 1076 3888 cho
1093 3835 1182 3888 liniaco
1199 3851 1247 3888 con
1265 3835 1407 3903 Policleto‚
1424 3834 1446 3887 le

325 3903 367 3955 cui
386 3919 461 3971 opere
473 3901 526 3970 egli
538 3902 644 3971 giudica
667 3927 678 3953 ‹
691 3905 772 3957 ormai
786 3905 896 3973 perfetta
909 3926 920 3952 r
936 3905 1003 3976 (mm
1011 3907 1095 3974 plone
1104 3905 1243 3975 perfecta),
1256 3907 1446 3974 precisamentc

325 3989 395 4026 corne
414 3973 438 4026 lc
456 3973 568 4027 oraaioni
587 3973 615 4027 di
633 3973 733 4030 Catone
749 3976 848 4041 hanno,
867 3992 883 4028 a
900 3992 947 4029 suo
965 3977 1090 4044 giudizio,
1101 3992 1192 4031 omncs
1209 3978 1348 4033 οτοίοηὶιτ
1366 3981 1445 4034 cirru-

326 4049 363 4098 tea
380 4045 445 4116 (65),
464 4061 508 4098 rua
526 4049 596 4099 resta
614 4062 707 4100 ancora
734 4064 749 4100 a
776 4045 921 4100 desiderare
939 4047 1046 4116 alcouid
1057 4047 1205 4116 perfectius
1223 4047 1294 4118 (69).
1312 4049 1379 4104 Coei
1398 4047 1446 4119 egli

325 4115 451 4172 dimostra
469 4116 516 4172 cho
533 4134 579 4188 per
596 4117 757 4188 l'eloquenzc
774 4118 795 4172 il
813 4119 943 4173 cammiuo
970 4136 1043 4175 verso
1064 4120 1091 4173 la
1109 4118 1254 4189 pcrlezione
1272 4123 1288 4174 ὸ
1307 4124 1384 4176 stato
1402 4122 1444 4190 pii
