3042 4692
309 299 364 359 130
700 317 734 358 es.
758 315 861 358 runnu
881 315 1040 359 crouaorrre

306 430 363 506 est,
385 427 440 510 qui
465 426 511 492 ite
536 426 638 503 dicat,
661 426 699 490 ut
720 445 739 490 a
762 425 965 491 multitudine
988 426 1145 511 probetur,
1161 425 1310 492 eumdem
1333 427 1425 492 docts

307 526 438 609 probari.
459 524 541 590 Nem
563 522 640 607 quid
662 524 695 588 in
718 523 847 589 dicendo
872 526 993 589 rectum
1012 523 1056 589 eit
1073 526 1131 590 eut
1151 543 1282 607 prauum
1303 543 1361 610 ego
1385 527 1425 590 iu·
1489 530 1490 615 l

307 623 435 706 dicabo,
462 623 488 687 si
515 623 605 689 modo
633 623 660 688 iu
683 641 774 701 sum,
801 621 911 705 quiid
936 621 1051 706 possim
1082 625 1138 688 aut
1159 623 1256 688 eciem
1278 622 1424 688 iudicare:
1489 620 1490 627 ’

308 719 410 804 quelis
431 738 502 787 vero
524 720 567 785 sit
583 723 687 786 orator
708 737 804 798 exeo,
820 717 902 802 quod
923 719 952 785 ie
965 718 1095 786 dicendo
1111 720 1236 799 efficiet,
1252 721 1368 805 poterit
1387 721 1426 784 in-

239 831 289 887 185
308 819 426 904 tellegi.
449 818 524 882 Tria
550 819 623 884 sunt
644 817 738 896 enim,
760 819 799 882 ut
820 816 947 900 quidem
968 835 1026 904 ego
1048 818 1156 896 sentio,
1178 836 1257 901 queo
1283 818 1349 883 sint
1368 819 1426 884 effi-

308 916 416 982 cienda
431 916 572 982 dicendo:
591 918 626 981 ut
642 915 788 981 doceatur
798 916 835 994 is,
851 914 935 999 epud
950 934 1042 997 quem
1058 915 1188 991 dicetur,
1199 919 1236 981 ut
1250 915 1425 994 delectetur,

308 1019 345 1081 ut
359 1016 519 1080 moveatur
529 1013 750 1079 vehementius.
768 1011 890 1093 Quibus
901 1012 1071 1079 uirtutibus
1082 1013 1211 1079 oratoris
1222 1015 1336 1080 horum
1347 1014 1427 1097 quid-

308 1130 368 1194 que
383 1109 538 1176 efficiatur
560 1113 615 1176 aut
631 1109 747 1194 quibus
761 1109 850 1176 uitiis
871 1112 973 1176 erutor
994 1112 1051 1176 eut
1071 1129 1131 1177 nou
1146 1111 1337 1195 adsequetur
1358 1113 1426 1176 haec

309 1209 473 1274 autetiam
496 1209 528 1273 in
544 1209 593 1273 his
606 1209 732 1274 labatur
746 1210 780 1274 et
792 1207 893 1286 cadet,
909 1208 1021 1274 artifex
1042 1208 1159 1292 uliquis
1173 1208 1339 1275 iudicabit.
1363 1209 1426 1274 uffi-

309 1307 411 1372 oietur
425 1307 531 1374 autem
546 1308 585 1372 ab
597 1308 714 1372 oratore
730 1325 834 1385 necue,
845 1309 883 1372 ut
896 1307 930 1382 ii,
944 1307 999 1390 qui
1015 1307 1158 1386 audiunt,
1173 1308 1219 1372 itu
1235 1297 1425 1385 adlicientur,

309 1540 421 1593 italieno
439 1538 544 1594 bustert
563 1556 598 1593 un
618 1538 789 1593 assertio:
798 1540 1040 1594 neoeeeeriemente.
1058 1569 1092 1580 -
1103 1539 1184 1593 deae.
1197 1538 1296 1592 Porciae
1305 1538 1326 1592 il
1339 1539 1426 1608 cong?

310 1641 344 1650 -
362 1609 636 1666 daemonicus
654 1627 713 1664 ceso
731 1611 769 1664 d‘?
787 1623 822 1651 ’-
839 1612 870 1664 e'n
887 1609 1425 1665 deend0=inundisoorso.-receca

309 1706 346 1728 π·-
358 1679 481 1736 loderole.
501 1711 535 1722 -
550 1697 668 1752 prooem
680 1706 716 1728 =
727 1680 858 1735 difettoeo.
878 1712 912 1722 -
924 1699 979 1752 epo.
993 1681 1243 1750 Percheeespreeeo
1261 1681 1308 1751 qui
1326 1681 1350 1735 il
1361 1698 1425 1752 prou.
1490 1746 1491 1755 ἵ

310 1753 398 1822 pers?
415 1783 450 1794 ·-
468 1753 642 1808 iudicabo=
655 1755 730 1822 potrd
749 1753 890 1821 giudicere.
910 1783 945 1792 —
966 1751 1085 1807 simodo
1110 1753 1133 1806 ie
1158 1752 1379 1822 eum=purche
1393 1752 1427 1804 sia
1490 1764 1491 1823 l

310 1826 336 1878 in
357 1823 437 1892 gredo
448 1840 462 1876 e
472 1824 563 1892 suppia
581 1823 721 1892 giudieere.
736 1854 770 1862 -
780 1824 870 1892 qualis
917 1829 1013 1878 orator
1024 1845 1058 1869 =
1069 1821 1097 1876 di
1110 1822 1157 1877 che
1168 1823 1240 1877 {orna
1250 1823 1292 1876 eia
1303 1823 1425 1885 donatore,
1490 1828 1491 1887 f

310 1911 336 1948 se
355 1895 475 1949 l'oretore
493 1896 508 1947 e
525 1893 610 1948 buono
629 1912 644 1947 ο
661 1894 770 1948 cattiro.
788 1893 856 1947 Devi
880 1900 972 1948 notare
990 1895 1037 1948 che
1054 1893 1108 1949 cio.
1136 1893 1273 1963 distingue
1295 1895 1345 1964 qui
1362 1895 1426 1948 l'ore-
1490 1902 1491 1911 ¹

294 1967 383 2019 ‘sione
401 1964 564 2019 considerata
582 1965 809 2034 oggettivemente
827 1981 899 2020 cume
916 1981 993 2035 opera
1011 1964 1105 2028 d'erte,
1123 1963 1175 2018 del'
1186 1965 1280 2019 merito
1293 1966 1426 2019 intrinseco
1490 1976 1491 1999 ³

311 2037 337 2089 di
356 2051 394 2089 un
412 2038 520 2089 oratore.
540 2035 564 2090 Ε
583 2037 644 2088 vuol
662 2035 719 2089 dire
745 2036 793 2090 ohe
819 2037 840 2089 il
867 2037 958 2090 critico
976 2035 1148 2106 (margone)
1170 2035 1277 2105 giudice
1295 2036 1426 2090 l'oranioue

276 2149 279 2154 .
311 2106 420 2160 secondo
438 2122 527 2159 norme
545 2106 613 2174 fisse,
630 2110 731 2160 mentre
749 2107 776 2160 le
794 2107 963 2162 multitudine
990 2106 1096 2176 giudice
1122 2108 1244 2161 l'oretore
1262 2107 1425 2178 dall'impree-

311 2179 382 2232 sione
400 2176 499 2232 oh'eeee
517 2177 608 2232 uicere.
627 2177 684 2231 Puo
702 2178 824 2232 euvenira
841 2179 889 2233 cire
907 2178 928 2232 il
946 2178 1069 2247 pubblico
1095 2181 1166 2233 eotto
1184 2177 1375 2248 l'impreesione
1391 2178 1427 2231 del

312 2251 451 2312 momento,
470 2265 485 2301 0
503 2249 648 2303 trescinsto
659 2249 693 2302 de
707 2249 819 2318 qualche
832 2250 919 2318 pregio
932 2249 1087 2319 particulare
1098 2249 1142 2319 (ad
1154 2250 1276 2318 esempio,
1289 2249 1427 2316 dull’uciio,

312 2320 338 2374 le
356 2321 398 2374 cui
416 2320 532 2374 efficeeie
550 2320 572 2374 ei
591 2319 669 2389 perde
687 2320 740 2374 alls
759 2321 860 2375 lettere
877 2321 919 2374 dei
937 2319 1043 2390 critici),
1057 2337 1109 2374 non
1122 2320 1235 2390 poteudo
1247 2319 1427 2374 istituireoou-

311 2391 397 2446 fronto
415 2394 458 2445 tra
476 2408 512 2444 un
532 2396 633 2445 oratore
651 2391 683 2444 ed
702 2391 767 2444 altri
785 2391 909 2460 migliori,
928 2391 1034 2462 giudice
1052 2391 1281 2460 favorevolmente,
1294 2393 1395 2446 mentre
1410 2391 1427 2444 il

311 2463 408 2526 critico,
428 2462 618 2533 giudioendone
646 2462 665 2515 l'
675 2463 794 2516 omninno
820 2463 864 2516 nel
891 2463 1104 2532 suocompleseo,
1123 2466 1256 2532 putarer
1280 2463 1389 2532 regione
1405 2461 1428 2513 di

310 2549 419 2587 censure
437 2551 451 2585 o
470 2533 588 2587 biasimo.
608 2533 650 2587 Ha
668 2533 763 2604 quindi
780 2533 887 2602 regione
905 2533 932 2588 di
951 2532 1007 2588 dire
1025 2535 1073 2588 elie
1091 2550 1136 2604 por
1153 2533 1289 2604 giudicere
1307 2534 1328 2587 il
1349 2534 1428 2588 valore

312 2604 337 2656 di
357 2621 393 2658 un
412 2604 523 2658 discorso
542 2603 652 2674 bisogna
670 2621 744 2660 avere
762 2605 783 2658 il
802 2603 896 2658 diritto
914 2605 1039 2675 (pesum)
1065 2621 1080 2658 e
1102 2605 1130 2658 le
1147 2605 1250 2659 sciense
1267 2605 1375 2675 (eciam)
1390 2603 1428 2657 del

309 2675 414 2728 critico:
433 2689 477 2727 me
494 2675 514 2727 il
533 2676 626 2728 merito
645 2675 787 2730 intrinseco
805 2674 979 2730 dell’oretore
996 2676 1019 2728 si
1037 2679 1089 2745 pud
1106 2675 1242 2745 giudicare
1259 2676 1427 2737 dell'cdetto,

314 2745 413 2813 poiche,
430 2759 501 2798 corne
519 2743 575 2800 diue
593 2745 681 2799 subito
699 2747 774 2818 dopo,
793 2747 914 2801 l'oretore
931 2747 967 2800 he
986 2764 1031 2815 per
1049 2748 1134 2816 ieeopo
1152 2764 1168 2800 o
1186 2746 1213 2801 ie
1231 2748 1428 2816 persuasionem

312 2815 331 2868 il
351 2815 453 2880 diletto,
471 2832 486 2868 o
505 2815 531 2868 le
550 2817 730 2872 communione.
747 2815 1009 2888 Ghiraggiungenel
1023 2817 1092 2871 reum
1111 2834 1162 2871 uno
1180 2817 1208 2872 di
1226 2819 1315 2888 questi
1335 2817 1428 2872 trefird
1491 2830 1493 2884 ζ

311 2890 325 2938 e
343 2886 412 2940 buon
430 2889 539 2952 oratore,
559 2887 640 2943 suche
649 2904 676 2942 ee
688 2889 708 2942 il
721 2905 767 2942 suo
786 2888 906 2954 discorso,
924 2889 1039 2959 presenti
1052 2889 1185 2942 ell'occlrio
1197 2892 1276 2944 acuto
1290 2889 1333 2944 del
1346 2889 1429 2945 critico

312 2957 353 3009 dei
372 2956 474 3011 difetti:
493 2973 520 3010 ee
538 2959 580 3026 poi
599 2958 721 3013 l'oratore
739 2959 763 3012 si
780 2963 839 3014 sare
851 2963 974 3014 ettenuto
991 2977 1007 3014 e
1025 2959 1111 3029 quelle
1129 2959 1201 3030 leggi
1213 2977 1227 3014 c
1239 2977 1338 3024 norme,
1351 2961 1429 3014 dietro
1491 2970 1492 3031 l

313 3027 337 3082 le
355 3029 428 3097 queli
447 3027 552 3098 giudice
569 3030 589 3082 il
608 3030 706 3096 critico,
726 3031 752 3084 in
773 3033 865 3101 questo
884 3048 942 3085 ceso
960 3031 980 3085 il
999 3031 1115 3100 giudizio
1133 3030 1175 3085 del
1190 3031 1315 3100 pubblico
1333 3033 1429 3086 s'eocor·
1491 3062 1492 3073 .

312 3100 374 3154 dere
391 3115 438 3154 corr
457 3100 544 3168 quello
562 3099 605 3154 del
623 3102 721 3154 critico.
743 3133 777 3141 —
795 3118 830 3156 ec·
846 3118 875 3157 eo
894 3102 1153 3171 quodmesficiet=
1165 3102 1323 3157 dell'effetto
1335 3102 1378 3157 del
1389 3119 1429 3154 suo
1491 3098 1492 3107 ’

312 3170 433 3225 discorso.
452 3171 524 3224 Nota
542 3171 590 3226 che
616 3172 636 3224 il
665 3173 787 3226 vocabolo
813 3174 921 3240 effecius
948 3173 1044 3227 denote
1061 3174 1089 3226 in
1108 3171 1161 3226 (lic.
1181 3191 1233 3227 nou
1252 3175 1364 3228 l'eifetto
1381 3189 1431 3243 pro
1491 3180 1492 3193 ¹

313 3242 396 3304 dotto,
415 3258 458 3294 ma
476 3242 563 3310 quello
581 3242 629 3296 che
647 3243 670 3296 si
688 3243 722 3297 ha
735 3244 763 3298 iu
775 3244 842 3298 mire
853 3243 882 3298 di
894 3245 1030 3314 produrre;
1049 3247 1151 3298 mentre
1167 3244 1280 3298 volendo
1298 3246 1430 3315 ceprimere
1491 3264 1492 3297 .

312 3313 351 3365 cio
370 3312 417 3366 cha
435 3315 449 3365 d
466 3311 486 3365 il
504 3313 628 3382 prodotto
654 3315 723 3368 neele
750 3315 778 3368 di
805 3315 917 3385 quelche
935 3333 994 3370 cosa
1011 3315 1132 3386 (itelieno
1155 3315 1273 3369 ‹effetto
1286 3319 1315 3388 »J
1333 3317 1386 3385 egli
1403 3316 1430 3367 ri·
1491 3310 1492 3383 l

313 3399 383 3436 corre
395 3383 570 3448 solitemente,
583 3400 654 3439 come
666 3388 719 3455 qui,
736 3386 770 3438 ad
783 3403 836 3439 une
848 3386 965 3456 perifrusi
978 3388 1017 3441 col
1030 3387 1107 3441 verbo
1119 3386 1198 3452 effici.
1212 3411 1248 3427 ¹-
1315 3391 1390 3445 185.
1403 3392 1432 3439 ul
1491 3444 1492 3449 ,

312 3454 419 3523 quidem
436 3471 484 3524 eqo
501 3456 691 3525 eeoiio=per
709 3457 770 3526 quel
792 3456 839 3511 che
862 3475 878 3510 e
904 3475 946 3512 mc
963 3457 1074 3512 sembra.
1095 3488 1128 3498 -
1147 3458 1202 3512 eru
1220 3475 1291 3526 puae
1309 3460 1367 3514 mni
1381 3457 1431 3523 effi·

313 3526 408 3579 ciendo
419 3551 454 3572 =
467 3530 507 3580 tre
525 3543 586 3580 sono
611 3527 621 3579 i
644 3528 698 3581 fini.
722 3545 746 3581 v.
771 3545 847 3597 sopra
871 3530 945 3598 qued
967 3529 1070 3595 esfiee'et.
1090 3559 1124 3568 —
1142 3534 1175 3582 ui
1192 3529 1323 3584 doeeaiw
1333 3547 1395 3581 =o
1411 3529 1431 3579 si

314 3596 389 3649 vuole
407 3597 561 3666 persuadere
579 3598 648 3652 oolui
696 3599 727 3670 (il
740 3599 864 3668 giudice).
874 3630 909 3639 -
919 3606 951 3655 ut
960 3601 1051 3655 deieci.
1062 3625 1098 3648 =
1110 3601 1157 3653 osi
1169 3600 1247 3654 vuole
1259 3599 1393 3655 divertire.
1402 3629 1431 3638 -

313 3672 346 3718 ret
362 3682 428 3720 mov.
446 3668 544 3723 vehem.
556 3687 619 3722 =o
637 3670 764 3724 suscitare
777 3671 805 3723 in
817 3671 856 3724 lui
874 3688 927 3726 uua
945 3675 1017 3726 certe
1029 3671 1210 3725 communione.
1223 3670 1278 3726 ofr.
1292 3673 1338 3726 De
1352 3672 1431 3733 Oret,

314 3735 350 3804 11,
368 3735 433 3801 115;
446 3739 509 3801 121;
524 3739 574 3793 128
582 3762 588 3805 ;
604 3740 663 3796 130.
681 3741 765 3806 Orat,
779 3742 826 3805 69;
837 3743 882 3796 De
894 3749 946 3810 opt.
958 3741 1180 3814 qen.orat.,1,3;
1193 3742 1296 3808 Quint,
1310 3743 1362 3809 111,
1374 3741 1398 3806 5,
1409 3741 1431 3792 2.

314 3837 347 3848 -
360 3808 458 3876 quidue
469 3810 528 3864 oiri.
575 3811 633 3866 hor.
646 3813 766 3881 quidque
777 3814 820 3880 eff.
833 3837 869 3859 =
881 3831 926 3883 per
938 3813 1012 3885 queli
1024 3814 1098 3883 pregi
1115 3813 1238 3868 l'oretore
1250 3818 1303 3882 pud
1313 3814 1432 3884 reggiun·

314 3895 373 3946 gere
386 3895 437 3932 uno
451 3880 478 3934 di
491 3881 579 3951 questi
591 3885 631 3935 tre
643 3884 697 3938 fini.
711 3913 747 3923 -
758 3886 840 3938 etium
851 3885 882 3945 in
894 3886 936 3939 leis
947 3909 983 3932 =
994 3896 1101 3955 oppure,
1112 3901 1139 3938 se
1150 3884 1234 3939 enche
1246 3883 1268 3938 li
1280 3887 1431 3954 raggiuuge.

314 3981 346 3988 -
361 3948 470 4006 ludatur
487 3958 514 4007 et
530 3953 612 4007 codol
622 3979 658 4000 =
671 3955 782 4023 sbeglie.
802 3956 871 4021 Qual
889 3959 903 4009 ὸ
921 3956 948 4010 lu
966 3956 1072 4025 ragione
1084 3956 1124 4009 dei
1144 3958 1186 4008 tre
1203 3971 1278 4025 cong.
1293 3956 1431 4022 efficacior,

313 4019 486 4090 adsequatur,
505 4024 622 4090 ludatur,
642 4025 743 4080 cudat?
763 4057 797 4065 —
815 4027 924 4091 artifex.
944 4045 968 4081 r.
990 4027 1087 4081 183.ss
1105 4025 1227 4080 vocabolo
1246 4031 1260 4081 e
1278 4025 1432 4081 {ormetode

311 4109 359 4144 ars
382 4093 426 4147 nel
453 4107 526 4147 senso
551 4095 760 4165 corrispondente
789 4098 814 4151 cl
842 4114 881 4166 gr.
901 4101 987 4165 τέχνη
1015 4098 1141 4168 (trutteto
1168 4098 1273 4161 teorico,
1297 4099 1432 4165 teorial=
