3042 4692
324 315 381 376 188
701 331 736 372 nr.
754 331 857 373 runnu
878 329 1038 372 cronnorrna

323 446 422 513 monis
443 445 553 512 usitati
575 465 646 512 cum
668 444 858 524 0000001101,
880 462 918 509 00
940 462 959 508 0
987 441 1021 508 O.
1050 441 1146 507 Rusio
1168 440 1293 525 quidem
1321 460 1438 508 accusa

323 547 388 612 tore
409 544 554 611 deterreri
570 545 673 629 potuit
694 562 753 627 quo
777 542 880 608 minus
902 541 1061 608 inusitatis
1083 539 1185 606 verbis
1206 541 1307 606 uteret
1349 590 1358 606 .

253 654 307 711 aso
366 641 521 723 Quidnam
543 642 625 709 istut
646 643 714 708 est?
735 639 841 724 inquit
854 640 989 706 Brutus:
1012 641 1068 705 aut
1089 637 1160 722 quis
1181 637 1439 704 00110100.Βο-

324 741 417 807 sius?

365 843 407 909 Et
427 842 499 909 ille:
521 843 598 908 Fuit
622 843 790 920 accusator,
811 839 925 924 inquit,
940 841 1039 920 retus,
1055 858 1115 924 quo
1137 840 1297 904 accusante
1323 839 1359 905 Ο.
1376 839 1439 904 Η10-

323 941 430 1008 tilium
447 940 575 1008 Sisenna
590 940 753 1007 defendens
768 939 848 1004 dixit
869 939 1021 1022 quaedem
1047 938 1115 1004 eius
1139 961 1158 998 a
1174 937 1437 1022 sputatilica»

324 1059 389 1107 esse
410 1039 551 1105 crimine.
588 1037 713 1103 LXXV.
746 1038 829 1102 Tum
858 1035 891 1102 O.
921 1037 1051 1102 Rusius:
1088 1035 1439 1114 «circumvenior,

325 1137 632 1220 inquitiudioes,
657 1135 738 1201 nisi
764 1134 999 1201 subvenitis.
1028 1133 1196 1202 Sisenna
1221 1133 1314 1218 quid
1337 1135 1440 1200 dicet

325 1235 475 1302 nescio:
498 1238 624 1302 metuo
649 1233 823 1300 insidias.
857 1231 1126 1317 Sputatilica,
1148 1232 1244 1317 quid
1265 1235 1332 1298 est
1353 1235 1439 1299 hoc?

326 1333 441 1416 sputa
470 1333 563 1415 quid
596 1333 651 1398 sit
680 1332 779 1411 scio,
809 1331 932 1396 tilica
961 1331 1093 1396 nescio
1122 1355 1152 1395 s.
1185 1330 1318 1394 Maximi
1346 1331 1439 1396 risus:

326 1429 379 1495 sed
400 1428 455 1494 1110
476 1431 580 1496 tamen
603 1429 769 1496 familiaris
791 1449 879 1495 meus
900 1430 981 1495 recte
1003 1428 1090 1512 loqui
1112 1428 1243 1513 patabat
1264 1447 1332 1494 esse
1356 1429 1441 1494 inusi-

257 1535 306 1590 061
326 1528 390 1593 tate
413 1528 507 1611 loqui.
531 1527 642 1594 Caesar
663 1530 769 1594 autem
784 1527 935 1593 rationem
958 1526 1106 1593 adhibens
1127 1526 1387 1593 consuetudinem
1407 1527 1441 1592 ri·

327 1626 438 1691 tiosam
460 1628 492 1692 et
513 1628 689 1710 corruptam
711 1645 790 1710 pura
811 1627 843 1691 et
864 1626 1041 1709 incorrupte
1056 1625 1275 1692 consuetudine
1293 1625 1440 1692 emendat

328 1723 437 1808 ltaque
459 1744 531 1790 cum
554 1725 592 1789 ad
614 1725 694 1790 hanc
709 1724 896 1810 elegantiam
919 1725 1081 1790 verborum
1095 1723 1289 1804 Latinorum,
1305 1744 1441 1808 —quea

328 1822 423 1887 etiam
446 1823 473 1887 si
495 1824 596 1888 orator
617 1842 676 1888 non
699 1822 741 1888 sis
764 1824 796 1888 et
817 1822 860 1888 sis
881 1822 1035 1908 ingenuus
1057 1822 1134 1887 ciris
1155 1822 1326 1902 Romanus,
1347 1825 1442 1890 100000

329 2051 414 2105 aserai
432 2053 491 2120 pero
509 2050 700 2120 passivamente
711 2075 747 2098 =
759 2067 804 2105 000
821 2051 950 2120 l’oppoato
967 2050 995 2104 di
1013 2049 1110 2105 Catulo
1123 2068 1168 2121 per
1179 2068 1232 2105 una
1245 2055 1319 2107 certe
1332 2069 1442 2107 ronneaaa

329 2122 448 2192 (cedaar.
467 2121 572 2191 gaidat.)
590 2120 616 2175 di
635 2122 778 2193 pronuncia
791 2139 804 2176 e
818 2139 863 2192 per
881 2123 1044 2176 un'assoluta
1057 2140 1198 2177 mancanaa
1211 2122 1238 2177 di
1251 2124 1315 2193 ogni
1333 2124 1442 2178 dolcezaa

330 2193 418 2262 (pica.
437 2195 573 2261 subruet).
593 2223 628 2234 -
646 2194 701 2248 atra
719 2195 833 2263 quidm.
853 2193 936 2249 Credo
953 2193 1055 2247 anch’io
1073 2193 1244 2249 coll’Elllendt
1264 2196 1334 2250 ecol
1350 2196 1442 2250 Piderit

330 2265 377 2318 0100
394 2281 445 2319 000
464 2265 503 2318 010
521 2265 662 2319 0000000010
678 2265 1233 2335 0100000000110000301100001011110000101
1253 2266 1311 2320 alia
1324 2269 1441 2337 quadra

330 2337 426 2404 porche
444 2339 475 2390 tu
494 2338 547 2391 cosi
566 2337 660 2390 ordini:
681 2337 718 2390 ad
735 2337 846 2391 00001010
864 2337 969 2391 laamas
985 2337 1034 2406 (ad
1044 2354 1127 2406 qaam
1141 2337 1267 2408 Catulus)
1281 2343 1441 2407 pervenerat,

330 2410 390 2476 pero
409 2407 536 2479 (qaedam)
563 2407 689 2462 bettendo
718 2408 844 2461 un'altra
861 2407 904 2462 010
922 2409 969 2462 che
987 2412 1038 2477 pat
1056 2408 1119 2462 dirsi
1140 2409 1242 2478 (quasa)
1261 2410 1385 2464 solitaria
1402 2410 1443 2479 [ia-

330 2478 414 2548 calta)
433 2496 446 2533 e
464 2479 583 2548 negletta
601 2479 745 2550 (silcestre).
765 2509 799 2520 -
817 2478 940 2534 Sisenna.
959 2494 984 2532 0.
1005 2480 1070 2533 Dia.
1094 2480 1177 2549 dicar.
1199 2495 1213 2532 e
1233 2479 1294 2535 228.
1315 2513 1352 2521 -
1374 2480 1445 2550 qaas

330 2550 429 2604 emend.
442 2575 478 2596 =
490 2567 542 2603 una
561 2551 644 2619 specie
662 2551 688 2604 di
708 2552 855 2604 corrottore.
874 2581 909 2589 —
927 2566 1004 2605 serm.
1022 2551 1166 2604 aalma:
1177 2567 1231 2604 uso.
1251 2582 1287 2592 -
1307 2553 1339 2608 Ο.
1358 2553 1442 2608 Rusio.

331 2610 355 2678 Ε
373 2622 472 2690 ignoto.
492 2621 552 2674 Solo
571 2622 742 2691 dall'epiteto
760 2625 908 2686 decimator,
927 2621 951 2675 01
968 2624 1020 2690 pue
1038 2621 1147 2675 01100000
1165 2621 1212 2674 che
1235 2623 1298 2691 egli,
1317 2641 1391 2678 come
1407 2622 1443 2677 ee

332 2693 421 2748 suleno
441 2691 476 2761 (0.
498 2691 567 2762 131),
586 2694 660 2762 quasi
680 2710 724 2763 per
742 2693 879 2746 ebitudine
906 2692 929 2746 si
952 2691 1017 2746 fosse
1035 2692 1098 2746 dato
1116 2693 1143 2747 01
1162 2693 1283 2747 mestiere
1301 2693 1330 2748 di
1349 2710 1443 2750 accusa·

333 2770 396 2818 tore.
415 2793 450 2802 -
522 2767 600 2822 260.
624 2763 722 2833 Quidve.
741 2765 811 2818 istac
828 2763 886 2819 est?
898 2787 933 2810 =
945 2763 992 2818 che
1010 2765 1070 2831 0001
1089 2764 1212 2819 11001-
1224 2771 1284 2819 act.
1298 2766 1356 2822 Che
1368 2766 1443 2820 valore

333 2833 453 2904 acquista
471 2837 562 2903 queste
581 2837 718 2904 perticella
736 2836 805 2890 nelle
823 2852 894 2905 prop.
908 2835 1068 2889 1010001-
1086 2841 1160 2890 aare
1181 2849 1216 2883 =
1229 2838 1335 2891 vecchio
1348 2837 1391 2892 del
1403 2853 1443 2890 me

333 2907 420 2962 stiore.
438 2935 473 2945 -
494 2905 523 2960 Ο.
536 2906 689 2960 Hirtilium.
703 2924 729 2961 v.
745 2908 819 2976 App.
844 2907 903 2960 crit.
923 2937 957 2947 -—
975 2907 1138 2975 spataaiica.
1157 2891 1181 2959 Ε
1200 2923 1236 2960 00
1254 2924 1318 2978 agg.
1331 2908 1444 2963 derisorio

333 2978 444 3034 formato
463 2977 508 3030 dal
526 2980 587 3032 sost.
606 2983 710 3046 spatae,
729 2994 776 3032 oon
804 2978 846 3031 cui
873 2977 940 3031 forse
963 2977 1080 3042 Sisenna,
1099 2978 1146 3032 che
1164 2978 1255 3032 001000
1273 2979 1330 3034 dire
1349 3005 1386 3027 =
1401 2995 1443 3032 non

333 3050 444 3120 valgono
462 3065 513 3102 ano
531 3052 616 3118 sputo,
631 3049 772 3104 traducere
783 3065 831 3103 con
842 3065 878 3103 00
890 3049 1049 3118 neologismo
1061 3051 1159 3114 strano,
1172 3049 1192 3102 il
1204 3067 1242 3118 gr.
1258 3053 1443 3106 κατάπτυστο

333 3153 368 3162 -
386 3122 580 3176 circumvenior
591 3143 626 3168 =
638 3121 674 3174 mi
692 3121 715 3174 si
733 3121 809 3175 vuele
826 3119 1002 3190 imbrogliare.
1022 3119 1100 3175 Come
1118 3121 1163 3174 hai
1175 3121 1244 3174 01010
1260 3120 1289 3173 01
1306 3138 1334 3174 u.
1351 3120 1387 3173 48
1404 3120 1443 3171 cir·

333 3193 482 3248 0000001νο
500 3209 544 3245 000
561 3192 582 3245 11
601 3193 711 3246 termine
729 3192 822 3262 legale,
842 3192 981 3261 adoperato
994 3192 1075 3245 anche
1094 3191 1137 3245 nel
1156 3194 1225 3244 testo
1243 3191 1316 3245 della
1328 3193 1373 3246 lea
1392 3191 1443 3246 eor·

334 3264 413 3330 aelia,
432 3263 640 3332 ρετ-0100110000
658 3263 771 3317 l’unirsi
790 3263 817 3317 di
835 3280 888 3317 000
906 3262 939 3316 ad
958 3263 1081 3316 0001100
1099 3277 1145 3332 per
1162 3263 1306 3316 sostenerlo
1325 3264 1355 3316 10
1374 3261 1444 3316 tribu·

334 3335 401 3388 nale.
421 3334 473 3399 Qui
491 3336 505 3388 ὲ
523 3336 598 3388 00010
626 3334 660 3388 de
687 3335 767 3389 Rusio
794 3335 1016 3389 scheraosamente
1042 3334 1086 3387 nel
1110 3350 1185 3387 senso
1205 3334 1444 3389 (1110011100.-

334 3406 441 3460 LXXV.
460 3422 531 3459 mare.
549 3405 622 3460 risus
633 3406 699 3459 =si
718 3407 772 3460 fece
789 3423 826 3461 nn
844 3423 911 3475 gran
931 3405 1023 3459 ridere.
1041 3433 1077 3444 --
1094 3404 1179 3470 samri.
1198 3421 1282 3460 areas.
1301 3421 1325 3460 0.
1346 3405 1406 3460 228.
1417 3431 1444 3443 -

334 3482 410 3538 261.
429 3479 500 3532 ratio
511 3501 548 3523 =
561 3493 611 3530 000
629 3477 719 3530 teoria.
747 3477 789 3531 Ed
814 3480 829 3530 0
856 3477 1010 3544 1000109100
1029 3475 1056 3530 di
1077 3477 1118 3530 cui
1138 3475 1231 3531 Cesare
1248 3477 1272 3530 si
1290 3479 1392 3531 0000100
1409 3491 1445 3544 per

335 3547 1088 3689 11111111111111111111110111111
1097 3546 1444 3685 lm‘atsltdtdt

335 3706 398 3744 rava
415 3690 480 3743 l'nso
499 3705 544 3743 con
564 3691 649 3760 regola
667 3690 773 3745 10001010
785 3691 976 3759 aull'analogia.
995 3721 1030 3730 -
1047 3696 1161 3745 coccaet.
1207 3699 1324 3746 consuet
1344 3691 1368 3745 Α
1387 3688 1444 3743 bello

336 3761 423 3814 studio
435 3764 609 3830 contrapponc
627 3778 671 3830 per
689 3763 806 3817 ctiasmo
823 3763 888 3816 l'nso
906 3762 1013 3830 volgare
1036 3766 1159 3828 (cormaci.
1178 3763 1224 3816 oit.
1243 3767 1270 3816 et
1288 3763 1373 3832 corr.)
1389 3761 1444 3814 l'uso

336 3833 416 3886 scelte
434 3849 448 3886 e
467 3832 577 3902 aquisito
595 3831 666 3902 degli
685 3834 801 3888 scrittori
818 3832 901 3906 (eoas.
913 3833 1156 3903 parasticiam).
1169 3863 1204 3874 -·
1222 3849 1285 3888 cam
1297 3858 1332 3880 =
1346 3837 1444 3886 mentre

337 3935 371 3943 —-
389 3903 452 3973 0109.
470 3905 539 3958 ocri.
552 3903 663 3958 =l'uso
682 3905 708 3958 di
728 3921 782 3959 una
807 3904 901 3976 lingua
928 3904 1010 3959 scelte
1038 3922 1085 3959 con
1104 3903 1174 3957 buon
1192 3907 1281 3974 gasto,
1300 3903 1349 3958 che
1368 3902 1445 3957 derivo

336 3976 369 4030 da
389 3991 441 4029 una
459 3976 539 4030 scelte
558 3975 703 4044 giudiziosa
721 3993 734 4030 e
752 3976 807 4031 fine
825 3977 866 4032 dei
885 3975 1001 4031 rocaboli
1012 3976 1048 4047 (0.
1069 3976 1131 4045 140)
1149 3992 1163 4030 0
1181 3975 1225 4030 del
1247 3977 1444 4045 temperamento

337 4047 446 4101 dell'uso
464 4064 511 4101 oon
529 4047 669 4116 l'esempio,
696 4051 780 4102 merca
806 4049 825 4101 l’
835 4047 1010 4118 applicatione
1033 4046 1060 4100 di
1078 4046 1199 4116 principii
1216 4047 1282 4100 certi
1300 4048 1400 4114 (ratic).
1417 4073 1444 4083 -

337 4120 448 4173 010010.
462 4117 518 4174 Ocu
536 4118 599 4189 qual
618 4117 693 4172 modo
711 4135 724 4172 0
743 4121 832 4189 tempo
850 4119 1004 4174 tradurrai‘?
1022 4149 1058 4158 -
1075 4123 1143 4174 orat.
1162 4133 1264 4174 ornam
1279 4117 1332 4172 dic.
1345 4143 1382 4165 =
1393 4118 1444 4183 100
