3042 4692
383 279 515 338 nisurus,
538 283 609 336 nxx,
633 263 898 338 1.xxr,247-250
1145 267 1203 325 177

127 392 205 456 Mihi
229 392 417 472 mehercule,
440 393 561 475 iuquit,
584 393 751 460 Marcellus
781 393 858 459 satis
886 395 933 459 est
956 397 1059 471 notns;
1092 393 1205 460 Caesar

86 491 187 556 autem
209 509 329 574 parum.
352 490 450 555 Illum
464 493 547 557 euim
570 510 660 577 saepe
682 491 803 558 audivi:
827 492 889 572 hic,
906 511 979 559 cum
994 511 1049 578 ego
1064 493 1203 558 indicare

86 590 147 656 iam
168 588 290 674 aliquid
311 608 440 673 possem,
464 588 574 655 abfuit.

127 687 210 768 Quid
230 687 329 773 igitur
350 687 388 753 de
410 687 466 752 illo
487 687 617 768 indicae,
639 689 779 771 inquom,
807 708 900 772 quem
922 708 1011 773 saepe
1033 688 1205 755 audivisti?

126 785 209 866 Quid
230 804 345 866 censes,
367 785 481 869 inquit,
497 785 557 852 nisi
580 785 623 869 id,
639 786 720 870 quod
742 787 908 853 habiturus
927 807 959 853 es
978 787 1114 853 similem
1136 787 1206 853 tui?

125 884 173 950 Ne
195 903 268 969 ego,
290 883 434 968 inquam,
456 884 482 950 si
504 883 550 950 ita
572 886 633 964 est,
656 885 751 950 velim
773 885 832 951 tibi
867 905 939 952 enm
960 885 1081 970 placere
1111 905 1206 968 quam
1223 899 1276 956 249

84 1001 227 1049 mammo.

125 1081 225 1165 Atqui
248 1081 279 1146 et
300 1080 346 1146 ita
367 1082 423 1159 est,
439 1080 553 1164 inquit,
576 1083 607 1146 et
628 1081 825 1147 vehementer
840 1081 959 1166 placet3
985 1101 1041 1148 nec
1055 1101 1126 1150 vero
1141 1081 1206 1148 sine

83 1197 186 1246 causa.
209 1178 291 1244 Nam
313 1180 345 1245 et
366 1178 477 1245 didicit
498 1181 531 1244 et
552 1179 674 1245 omissis
696 1179 806 1245 cetone
828 1179 942 1246 studiis
962 1200 1061 1246 unum
1083 1180 1116 1245 id
1141 1181 1208 1266 egit

82 1297 211 1362 seseque
233 1277 396 1344 cotidianis
418 1277 729 1344 commentationibus
752 1278 901 1344 acerrime
923 1279 1067 1345 exercuit.
1095 1280 1205 1363 Itaque
1224 1291 1276 1349 250
1473 1320 1477 1321 ν

82 1378 116 1442 et
137 1375 229 1442 lectis
250 1375 351 1441 utitur
373 1375 474 1441 verbis
504 1377 535 1440 et
556 1375 770 1458 frequentibus
791 1378 969 1456 scamellis,
993 1379 1025 1443 et
1046 1377 1206 1462 splendore
1380 1365 1384 1370 ’

82 1475 167 1542 nocis
188 1474 221 1540 et
241 1472 394 1559 dignitate
409 1474 519 1539 ‘motus
541 1473 578 1539 fit
592 1474 765 1558 speciosum
787 1477 819 1540 et
833 1475 957 1541 illustre
976 1475 1058 1559 qnod
1073 1475 1206 1553 dicitnr3

80 1573 249 1656 omniaque
271 1571 315 1637 sio
337 1574 515 1656 suppetunt,
531 1574 569 1637 ut
590 1572 618 1638 ei
641 1572 762 1638 nullam
785 1572 888 1639 deesse
910 1574 1059 1640 virtutem
1078 1574 1207 1640 oratoris

81 1673 207 1755 putem3
229 1670 422 1754 maximeque
445 1669 618 1736 laudandus
640 1672 697 1751 est,
720 1671 855 1754 qnihoc
877 1673 1013 1756 tempore
1035 1672 1111 1756 ipso,
1135 1691 1206 1738 cnm

82 1770 180 1835 liceat
200 1769 234 1834 in
256 1769 313 1835 hoc
335 1769 491 1835 communi
513 1770 616 1835 nostro
638 1772 670 1835 et
692 1769 782 1852 qnasi
807 1769 897 1835 fatali
921 1770 1012 1847 malo,
1034 1771 1208 1836 consoletur

79 2035 119 2046 -
138 2003 252 2060 melreo.
270 2002 338 2059 Puni
356 2003 477 2058 tradnrre
495 2003 536 2058 ool
553 2005 642 2058 nostro
667 2008 776 2062 ‹evero
789 2027 814 2059 ›.
833 2036 868 2045 -
886 2004 1045 2060 Marcellus.
1060 2023 1083 2060 v.
1098 2005 1209 2061 Dona.

81 2077 170 2147 bropr.
192 2105 226 2115 -
247 2073 353 2130 Caesar.
373 2092 397 2130 v.
416 2075 481 2129 Dia.
500 2075 584 2146 bicor.
605 2105 639 2116 -
657 2092 712 2147 eqo.
733 2076 832 2130 Percht
850 2077 896 2146 qui
923 2079 938 2131 ὸ
961 2093 1075 2147 espresso
1093 2077 1113 2131 il
1132 2094 1207 2147 pron.

80 2165 151 2220 pers.
173 2149 263 2201 contro
281 2145 346 2201 l'nso
365 2147 485 2218 generale
503 2145 546 2200 del
564 2147 668 2202 lutino?
687 2178 722 2188 -
735 2165 849 2218 possem.
863 2147 918 2203 (lon
937 2147 984 2202 che
1002 2148 1104 2202 modoe
1121 2152 1209 2218 tempo

81 2218 243 2275 tradnrrai‘l
261 2249 296 2258 -
313 2217 370 2273 luel.
389 2218 453 2288 aliq.
465 2242 501 2265 =
512 2219 651 2288 esprimere
675 2237 712 2274 nn
739 2217 862 2290 giudiaio.
888 2250 922 2261 -
946 2219 1083 2284 abfuit:
1094 2237 1147 2274 non
1165 2237 1209 2274 ere

80 2293 111 2346 in
131 2291 225 2344 Roma.
245 2289 339 2344 Cesare
356 2289 386 2343 fu
404 2292 505 2360 pretore
523 2289 551 2344 in
570 2291 677 2361 Spsgna
696 2290 739 2344 nel
758 2291 805 2345 60:
825 2289 868 2359 poi
885 2290 930 2344 dal
949 2290 983 2344 58
1001 2291 1028 2344 al
1047 2291 1082 2346 50
1106 2290 1134 2344 lu
1153 2308 1209 2360 pro-

80 2362 190 2418 concole
209 2361 276 2416 nelle
295 2359 391 2416 Gallie.
409 2361 493 2416 Bruto
512 2361 644 2432 adunque,
662 2361 841 2424 natone185,
862 2377 943 2416 asera
961 2378 1061 2431 appena
1083 2362 1117 2416 27
1136 2362 1208 2425 anni,

79 2433 192 2506 qnando
209 2433 297 2504 quegli
317 2435 389 2502 partl
407 2449 452 2503 per
470 2433 494 2488 lc
513 2433 608 2490 Gallie.
627 2464 662 2474 -
734 2437 812 2492 249.
831 2433 952 2502 inquom.
966 2450 990 2486 r.
1007 2433 1068 2488 204.
1088 2464 1122 2474 ·-
1141 2433 1210 2502 quid

78 2521 181 2562 censes.
201 2504 256 2560 nne
275 2520 334 2558 cosa.
351 2503 373 2558 si
392 2503 577 2559 sottintende‘l
596 2523 620 2560 v.
642 2505 701 2559 170.
722 2535 756 2544 -
774 2521 815 2560 ae.
834 2489 858 2558 Ε
877 2504 1015 2573 particella
1033 2505 1209 2574 efformatira,

79 2579 132 2633 che
151 2575 207 2632 cio.
226 2592 275 2630 usa
293 2576 347 2630 solo
364 2575 470 2630 innanzi
489 2575 523 2630 ad
542 2593 577 2631 un
596 2594 668 2646 pron.
689 2592 754 2644 pers.
774 2607 807 2616 -
826 2592 881 2647 eqo.
907 2575 1005 2630 Percht
1022 2578 1037 2630 1
1054 2592 1170 2646 espresso
1187 2575 1209 2629 il

78 2666 158 2720 pron.
179 2648 268 2718 pers?
286 2677 320 2686 -
338 2646 422 2702 uelim.
442 2647 465 2716 11
485 2647 531 2732 qni
549 2650 641 2718 perche
659 2648 734 2732 cellas
752 2663 768 2732 e
785 2664 837 2701 non
855 2645 954 2712 veihon,
967 2663 1043 2729 ,come
1061 2647 1156 2718 sopra‘?
1174 2677 1208 2687 —

79 2734 311 2846 stultu·
322 2720 441 2860 1111111
457 2718 600 2860 tillut·
617 2719 779 2845 1111111
797 2718 919 2862 {litii
938 2719 1136 2844 diffidi?
1144 2721 1208 2844 tt

78 2863 195 2918 tendere
218 2861 271 2916 cllo
298 2861 386 2915 studio
414 2861 508 2916 teorico
527 2862 555 2915 di
574 2863 675 2916 urr’arte
694 2861 858 2928 oscienza»,
877 2862 924 2931 qni
948 2861 1018 2916 della
1037 2862 1154 2916 retorica.
1174 2892 1209 2902 —

77 2951 170 2990 unum
189 2933 220 2988 id
235 2933 290 3002 epit
301 2933 407 2986 =Non
426 2933 510 2988 attese
529 2934 576 2988 che
594 2951 609 2987 a
628 2937 728 3003 questo,
747 2933 801 2987 cicc
813 2931 959 2997 astndisre
977 2933 1127 3003 eloquenza.
1142 2933 1209 2987 Poui

79 3008 175 3060 mento
195 3021 211 3058 a
229 3006 323 3074 questa
341 3005 502 3059 coetruaiorre
520 3007 591 3060 κατὰ
610 3009 731 3072 σύνεσιν,
750 3019 797 3074 per
817 3004 859 3058 cni
885 3003 935 3058 l'r'd
953 3015 1011 3057 'non
1035 3005 1070 3060 ha
1097 3004 1209 3075 propris·

79 3079 175 3132 mente
195 3076 214 3130 il
234 3092 309 3130 nome
327 3093 343 3128 a
361 3075 403 3130 cni
421 3076 443 3128 si
462 3074 584 3141 riferisca,
603 3074 709 3144 giaccht
737 3093 788 3129 non
813 3075 835 3129 si
854 3077 905 3145 pud
924 3074 979 3130 dire
996 3075 1118 3130 studium
1136 3074 1210 3145 (dic.)

79 3149 148 3219 epit.
168 3177 205 3188 -
223 3152 357 3202 commeat.
377 3164 401 3200 v.
420 3146 464 3202 87.
483 3177 517 3188 -
536 3147 664 3200 acerrime
677 3164 739 3201 =s
758 3145 909 3201 tntt'uomo.
930 3177 966 3186 -
1014 3151 1093 3206 250.
1107 3157 1132 3202 et
1140 3146 1208 3215 freq.

78 3224 199 3275 sentent.
213 3236 236 3272 v.
249 3219 323 3288 App.
342 3219 400 3273 crit.
419 3249 455 3259 -
472 3223 505 3274 ct.
525 3215 573 3272 Col
591 3219 662 3272 terzo
680 3223 707 3272 ct
723 3218 849 3272 comincic
877 3235 912 3272 nn
941 3234 1025 3272 nuovo
1044 3222 1210 3274 rdrlou=e

81 3294 180 3346 merce.
200 3321 235 3331 -
254 3291 354 3359 eplead.
373 3305 427 3345 coc.
447 3307 471 3345 v.
490 3289 551 3344 203.
576 3319 611 3330 -
637 3289 732 3358 dlqnc't.
759 3295 895 3344 motus:
907 3288 1009 3344 nobilta
1028 3288 1055 3343 di
1074 3292 1155 3358 gesto.
1176 3319 1211 3329 -

80 3379 154 3433 epac.
173 3367 202 3416 ct
216 3361 316 3416 illustr.
335 3361 348 3414 I
368 3361 418 3416 dne
445 3377 508 3430 agg.
535 3360 732 3430 corriopondouo
760 3378 805 3431 per
832 3361 947 3415 chiasmo
965 3378 981 3414 a
1000 3360 1073 3430 dipsa
1091 3366 1211 3415 moluse

81 3434 189 3503 splenii.
209 3449 265 3488 roe.
285 3450 308 3486 v.
330 3431 388 3488 103.
410 3462 443 3472 -
461 3432 534 3502 quod
550 3432 658 3487 dicitur.
672 3450 696 3488 r.
709 3433 784 3502 App.
797 3433 856 3487 crit.
876 3462 911 3472 -
928 3432 1071 3501 omoeoque
1083 3431 1122 3484 sic
1133 3447 1210 3500 supp.

81 3522 151 3560 =e
169 3505 245 3559 tutte
263 3507 355 3574 queste
373 3503 477 3574 qualitt
494 3503 533 3574 gli
552 3506 662 3558 toruano
684 3507 737 3558 cosi
750 3505 902 3574 opportune.
917 3534 951 3544 -
963 3503 1211 3573 qui...consoletur.

82 3578 108 3632 Il
130 3578 256 3646 rapporto
275 3575 378 3630 causale
397 3574 467 3629 della.
484 3591 554 3645 prop.
575 3575 651 3629 relat.
670 3575 783 3630 richiede
801 3575 821 3629 il
840 3575 916 3639 modo
926 3591 1000 3645 cong.
1020 3605 1054 3615 -
1074 3574 1122 3629 doc
1134 3579 1211 3642 temp.

81 3650 146 3717 apso
157 3671 195 3695 =
206 3648 234 3702 in
254 3647 340 3716 questi
359 3647 452 3716 giorni.
471 3677 506 3686 -
524 3662 584 3700 cum
602 3647 686 3701 liceat.
706 3647 743 3700 Mi
762 3664 824 3701 sono
841 3649 966 3701 ottcnnto
984 3645 1037 3700 alla
1055 3645 1152 3700 lenione
1171 3646 1213 3700 dei

82 3736 163 3774 mser.
184 3720 211 3773 la
229 3719 309 3790 quale
327 3716 465 3772 racchiude
482 3733 536 3772 nna
553 3717 605 3771 fine
623 3717 714 3784 ironia,
728 3718 775 3772 che
793 3718 909 3772 svanisce
928 3735 975 3772 con
994 3716 1212 3772 l'emendcmento

82 3791 174 3860 (quod
184 3815 221 3838 =
232 3790 262 3844 in
280 3790 392 3860 quanto)
411 3792 531 3859 proposto
550 3788 595 3843 dal
613 3790 693 3844 Peter
711 3789 742 3844 ed
761 3791 890 3844 accettato
918 3789 962 3844 dcl
985 3789 1095 3857 Piderit,
1114 3789 1212 3844 dall’E-

79 3861 202 3916 berhard
220 3879 235 3916 e
253 3860 324 3915 dallo
343 3861 446 3930 Stangl.
466 3860 519 3916 Cic.
539 3876 584 3930 per
602 3859 679 3914 bocca
697 3860 724 3914 di
743 3859 835 3927 Bruto,
848 3860 989 3915 alludendo
1007 3861 1061 3915 alla
1079 3861 1213 3914 dittatnra

80 3933 114 3987 di
134 3933 239 3998 (lesere,
259 3933 333 3987 viene
351 3948 367 3986 a
384 3931 440 3987 dire
457 3931 504 3986 che
523 3932 576 3986 solo
593 3931 620 3985 lo
638 3931 726 3986 studio
753 3949 805 3985 non
830 3949 874 3986 era
893 3933 1001 3986 vietato.
1021 3932 1102 3986 Darai
1120 3931 1214 4002 qnindi

80 4005 113 4058 al
133 4021 195 4060 cum
214 4004 302 4060 valore
315 4003 426 4068 causale,
439 4019 453 4057 e
464 4002 693 4057 settintendendo:
711 4019 739 4058 ee
751 4003 888 4058 consolori
897 4003 1035 4074 :poiche
1053 4007 1145 4073 questo
1158 4019 1213 4056 oon-

78 4075 159 4130 forto
176 4093 230 4132 non
249 4075 274 4130 ci
291 4077 306 4129 ὸ
324 4075 399 4130 tolto.
419 4105 454 4114 —
472 4074 556 4140 sutulc'
566 4099 603 4122 =
615 4075 704 4130 voluto
723 4075 767 4129 dal
792 4075 902 4130 destino.
922 4106 957 4116 -
975 4075 1071 4130 mentis
1082 4098 1118 4120 =
1130 4072 1213 4127 ideale

144 4196 260 4246 Crcnuous,
276 4193 296 4236 ll
309 4193 387 4246 Bruto,
401 4192 463 4238 riae
476 4193 554 4238 illustr.
569 4192 596 4237 da
607 4194 631 4238 P.
642 4193 732 4240 drocus.
1135 4190 1162 4232 12
