3042 4692
334 302 338 309 '
390 316 523 375 neuros,
542 312 632 376 urm,
654 319 719 375 mx,
740 300 900 362 ala-214
1156 301 1210 361 151

90 434 228 516 privatus
254 433 287 499 in
316 432 494 498 libertatem
515 444 582 496 rem
609 431 770 515 publicam
792 429 983 509 vindicavit,
1006 430 1042 511 Q.
1067 430 1213 497 Scaevola

91 546 222 617 augure,
249 533 306 615 qui
326 529 537 614 peritissimus
564 529 644 594 iuris
665 528 811 611 idemque
832 530 984 613 percomis
1007 530 1055 594 est
1075 529 1210 594 babitus.

90 630 153 694 lam
175 629 310 694 duorum
331 628 499 693 abavorum
520 644 615 711 quam
638 628 686 692 est
706 627 831 692 illustre
851 640 971 701 noman,
994 626 1029 691 P.
1045 624 1208 710 Scipionis,
1231 640 1286 697 213

90 726 141 809 qui
161 726 212 791 bis
232 724 342 791 consul
363 723 434 804 luit,
457 724 512 807 qui
533 726 582 789 est
600 723 770 790 Corculum
791 723 904 800 (liebus,
927 723 1057 789 alienius
1071 724 1211 790 omnium

90 820 320 908 sapientissimi,
336 822 370 888 O.
387 822 485 888 laeli.

128 921 156 986 0
177 935 367 1007 generosam,
391 919 506 1003 inquit,
521 919 651 1003 stirpem
673 920 707 984 et
726 919 890 1002 tamquam
905 919 938 983 in
953 932 1049 983 unam
1071 919 1209 984 arborem

90 1019 177 1102 plura
197 1032 333 1104 genera,
361 1017 406 1083 sic
432 1019 465 1082 in
494 1018 589 1082 istam
610 1015 737 1083 domum
758 1017 941 1096 multorum
955 1018 1083 1083 insitam
1118 1019 1212 1101 atquo

90 1116 209 1182 illatam
231 1116 437 1199 sapientiam!
789 1131 792 1137 ·

171 1207 257 1278 LIX.
290 1212 447 1278 Similiter
466 1212 586 1297 igitur,
609 1212 756 1294 inquam,
787 1211 941 1295 suspicor,
962 1212 1000 1277 ut
1020 1212 1214 1277 conferamus

91 1328 181 1393 parra
201 1311 337 1396 magnis,
359 1309 512 1389 Cumanis,
535 1310 594 1375 etsi
615 1309 756 1394 pupillus
778 1309 907 1376 relictus
922 1312 978 1390 ast,
1001 1309 1101 1394 patrio
1116 1310 1212 1375 fuisse

91 1408 231 1475 instituto
253 1426 331 1493 pum
351 1424 489 1474 carmem
511 1406 722 1473 adsuefactam
751 1406 900 1473 domum:
923 1410 955 1473 et
976 1426 1011 1473 eo
1032 1408 1134 1493 magis
1154 1408 1212 1474 boc

91 1506 209 1586 indico,
232 1506 316 1589 quod
337 1505 493 1571 neminem
514 1524 551 1571 er
571 1505 622 1571 his
643 1505 792 1588 quidem,
815 1506 869 1589 qui
892 1505 998 1588 aliquo
1020 1506 1053 1570 in
1084 1522 1212 1571 numero

92 1603 232 1685 luerunt,
253 1604 383 1690 cognovi
410 1603 550 1670 inomni
571 1622 682 1691 genem
703 1604 904 1669 honestarum
930 1604 1048 1668 artium
1070 1604 1137 1667 tam
1167 1602 1213 1666 in·

93 1699 221 1782 doctum,
245 1704 312 1767 tam
333 1700 452 1767 rudem.
486 1701 621 1767 Nullum
642 1701 698 1768 ille
720 1704 843 1784 poetam
865 1702 1001 1777 nouerat,
1023 1699 1149 1765 nullum
1172 1699 1212 1765 le·
1231 1709 1286 1767 214

95 1912 136 1967 per
153 1904 228 1969 parte
247 1900 290 1955 del
308 1898 389 1970 padre
407 1900 537 1955 naturale.
549 1908 575 1953 u.
586 1899 696 1954 Dicebas
709 1895 793 1969 babpr.
806 1928 841 1939 -
853 1900 903 1967 qui
946 1893 1098 1953 ambacu.
1112 1915 1136 1952 v.
1152 1896 1211 1952 107.

96 2000 127 2053 7
143 1985 177 2054 aa
193 1970 294 2057 donaba
307 1996 344 2056 0.-
355 1970 579 2055 ᾱιὶοᾱξεροῒὶρζυρ.
598 1969 651 2024 Hei
670 1971 717 2042 qui
736 1988 771 2023 un
790 1970 859 2024 altro
871 1970 984 2053 osempio
1002 1970 1044 2023 del
1058 1969 1134 2023 modo
1146 1968 1215 2025 ande

92 2040 333 2193 naama.
344 2042 624 2182 aulaeum
639 2040 1215 2195 iaalacaaanatuul

97 2180 116 2234 ll
132 2182 248 2239 bisancio
265 2199 312 2255 per
328 2188 405 2258 parte
423 2183 492 2237 della
518 2182 617 2237 madre.
641 2213 677 2224 -
696 2196 830 2252 percoctae
841 2208 877 2229 =
889 2182 1081 2253 assaipaffabile
1102 2185 1145 2238 nel
1156 2201 1212 2239 con·

97 2265 199 2310 remane.
219 2283 255 2296 -
310 2257 403 2315 213.
422 2254 499 2309 abac.
511 2278 548 2299 =
560 2254 686 2308 trisavoli.
706 2284 741 2293 —
753 2254 789 2308 P.
802 2254 979 2323 Septemb}
995 2254 1063 2324 Scip.
1077 2254 1140 2308 Nos.
1153 2254 1212 2311 Cor-

96 2321 177 2379 culum
191 2326 238 2381 'del
257 2342 283 2381 n.
303 2326 345 2391 79,
365 2326 490 2380 trisavolo
516 2342 561 2395 per
589 2328 664 2395 parte
682 2323 710 2378 di
727 2324 816 2393 padre.
840 2356 875 2365 —
902 2326 933 2380 U.
952 2323 1038 2379 Laeli.
1057 2341 1081 2377 v.
1102 2324 1216 2381 aaa-ale

96 2391 153 2449 Dia.
177 2396 261 2469 diepa.
285 2384 310 2450 u
336 2396 357 2451 il
375 2396 500 2451 triaavalo
523 2399 650 2450 materno.
670 2427 704 2435 —
720 2410 877 2465 panormam
888 2418 925 2442 ==
936 2394 1031 2449 nobile.
1049 2425 1085 2434 -
1104 2400 1162 2450 et...
1173 2413 1213 2452 aa·

92 2464 223 2561 pientiam.
243 2462 593 2568 Collegberalla'particella
605 2466 690 2537 copul.
703 2479 749 2520 con
763 2464 983 2564 sapientiumde
995 2469 1100 2556 adame
1116 2480 1206 2553 panor.
1265 2540 1268 2547 ἢ

94 2536 875 2691 ἷρῖἷῖὴὲ,ᾞὲῃριῖἶᾯῖἶιᾶῗὲιῗξῗῗῗ’ᾱῖῗὲεῗῗξιὲῗῖἰοῇῗῖεῗ
893 2533 1213 2679 ἓξῗιῖἕιὶὲὀξιὶῃῗζῗῖἷ

95 2678 162 2733 modo
179 2680 214 2735 da
232 2682 363 2735 formarne
380 2697 434 2735 una
452 2679 516 2746 sola,
534 2680 561 2733 in
578 2679 637 2734 ital.
656 2684 743 2749 petrau
761 2679 858 2749 meglio
877 2680 999 2734 tradurre
1017 2680 1084 2733 cosi:
1108 2697 1148 2733 «o
1166 2697 1211 2735 no·

94 2746 142 2802 bile
158 2751 250 2823 stirpe,
267 2767 314 2824 por
331 2753 373 2806 cui
385 2753 412 2806 la
425 2753 546 2821 sapienaa
559 2750 586 2805 di
599 2750 675 2805 molti
694 2750 723 2805 lo
749 2752 930 2805 «inmetata»
954 2751 985 2805 ed
1009 2774 1021 2798 ‹
1034 2750 1182 2805 introdotta
1200 2781 1204 2793 ·

94 2819 159 2875 nella
174 2822 297 2894 lamiglia
315 2822 342 2877 di
360 2824 453 2886 cestui,
472 2835 543 2877 come
561 2840 591 2876 su
610 2820 638 2876 di
656 2838 692 2877 un
710 2822 764 2876 solo
786 2821 873 2876 albero
901 2818 923 2876 si
950 2822 1089 2877 innestauo
1107 2821 1208 2876 diverse

96 2894 161 2946 aaran
177 2893 205 2949 di
224 2894 312 2948 fratta
325 2916 350 2948 ι.
369 2924 404 2935 -
423 2900 568 2963 amquam.
587 2893 622 2947 Di
640 2893 703 2947 rado
727 2893 799 2946 osani
822 2896 915 2963 questa
933 2894 1023 2963 parole
1041 2909 1111 2946 come
1129 2909 1214 2947 eorre-

97 2958 175 3018 laliaa
192 2966 221 3020 di
239 2966 280 3020 aab
297 2982 312 3019 o
330 2965 370 3020 aba
396 2982 441 3036 per
468 2964 584 3019 istitnire
602 2980 638 3018 un
657 2964 779 3033 semplice
803 2980 942 3033 paragono.
961 2995 995 3003 -
1010 2964 1096 3032 plura
1111 2980 1212 3033 penora

95 3035 151 3087 sota.
166 3050 317 3106 pomorum.
336 3063 372 3077 -
389 3038 477 3091 istam
496 3023 521 3096 id
539 3036 566 3090 la
584 3034 705 3105 lamiglia
722 3034 766 3089 del
785 3034 903 3104 Scipione
921 3034 1050 3089 ricordato
1069 3033 1102 3087 da
1126 3032 1210 3088 Bruto

95 3103 133 3156 nel
149 3120 221 3162 num.
241 3122 307 3177 proc.
327 3137 361 3147 -
380 3108 498 3162 samiam.
518 3104 650 3161 Intendilo
668 3106 715 3177 qui
733 3105 776 3159 nel
795 3122 841 3160 suo
859 3122 933 3159 senso
951 3104 1115 3171 etimologian
1134 3103 1212 3174 (inae-

95 3187 191 3257 νεῖν-
203 3179 358 3263 incestare),
376 3194 426 3233 non
446 3177 655 3262 nell'altro‚·cbe
672 3179 686 3230 e
705 3193 769 3245 pure
796 3176 932 3261 frequento
950 3175 977 3259 di
1001 3174 1171 3259 «naturale»
1196 3194 1212 3229 o

96 3252 232 3397 little
239 3246 421 3375 dudm
431 3246 1214 3389 tilpatuttllaazia²llutlatt¹¹llttltat

95 3334 206 3467 diffclio
224 3392 332 3445 insieme
350 3406 398 3446 aon
417 3391 506 3460 quella
524 3391 551 3445 di
570 3389 638 3445 altre
674 3406 763 3444 amone
787 3389 884 3460 (Mucio
903 3386 1018 3453 Scevola
1038 3388 1139 3455 Crasso,
1158 3388 1210 3442 Soi-

96 3470 164 3536 plone
179 3460 340 3532 Corculum),
358 3462 545 3532 predicamenta
563 3478 634 3515 coma
653 3406 687 3515 g,
706 3477 758 3514 una
776 3460 831 3514 sola
850 3460 943 3531 planta
961 3460 982 3513 si
1002 3461 1144 3527 ottengono
1162 3470 1211 3528 pe'r

95 3531 191 3587 nonesto
210 3532 311 3587 diverse
328 3532 423 3587 butte.
442 3564 476 3573 -
494 3534 605 3587 illatam.
615 3549 638 3585 v.
653 3533 725 3602 App.
739 3532 799 3586 erit.
812 3561 846 3571 -
902 3530 971 3586 Lux,
991 3530 1084 3599 ipatus.
1097 3530 1212 3584 Ritoma

95 3597 252 3744 aeaut
266 3620 380 3729 aaa
398 3605 425 3657 ²¹
443 3621 469 3658 ⁰·
487 3603 747 3744 ”aalma
765 3601 934 3743 balaa
946 3602 1096 3729 acala
1108 3598 1208 3726 {att

96 3735 153 3797 beno
170 3746 249 3801 abbia
267 3744 377 3816 pendulo
394 3746 415 3800 il
433 3690 682 3817 pffiuanu’era
709 3760 787 3799 aneos
805 3744 965 3799 minoranne.
984 3776 1018 3784 -
1032 3746 1127 3813 patrio
1145 3744 1208 3799 inat.

96 3820 220 3872 =meroe
247 3816 431 3872 l'oducazione
455 3821 537 3870 avuta
555 3816 599 3870 dal
617 3815 706 3885 padre.
724 3846 760 3855 —
775 3832 849 3885 paro
867 3832 944 3870 amm.
965 3800 989 3870 Ε
1014 3815 1085 3871 l'abl.
1104 3814 1152 3870 che
1170 3831 1209 3869 ac·

97 3894 233 3959 compagae
251 3888 261 3941 i
278 3887 352 3942 verbi
364 3888 492 3943 adaaeaco
510 3904 524 3942 o
542 3887 692 3952 benefacto
704 3886 749 3956 piu
764 3886 987 3958 frequentamenta
1002 3886 1049 3941 obe
1066 3886 1087 3939 il
1105 3884 1161 3940 dat.
1174 3909 1211 3933 -.=

97 3958 223 4022 anulare
251 3961 463 4013 eorrettamente.
481 3985 516 3999 --
535 3958 635 4013 maest.
664 3960 814 4013 arbum:
826 3957 866 4029 gli
883 3957 968 4012 studii
987 3956 1097 4012 liberali.
1117 3984 1153 3997 -
1171 3958 1210 4009 aba·

98 4020 242 4115 doctam?
253 4030 327 4156 {rivo
345 4030 372 4084 di
391 4030 452 4099 ogni
472 4030 621 4084 latroniane.
640 4058 688 4111 '‘.
747 4032 824 4087 214.
843 4034 960 4121 noverat.
981 4028 1059 4084 Come
1077 4025 1210 4111 tradarrai
1237 4118 1239 4128 k

97 4101 181 4160 uumto
199 4118 258 4171 pauc
277 4100 377 4171 aperti
395 4132 430 4141 —
449 4097 515 4155 eall.
534 4116 608 4155 mem.
627 4106 711 4169 onam.
731 4102 790 4156 coll.
802 4124 838 4147 =
850 4113 901 4155 non
921 4114 986 4154 sara
1003 4100 1163 4169 procaccaato
1176 4098 1211 4149 al-
