3042 4692
308 275 364 335 172
698 292 732 333 u.
756 292 860 334 runnu
880 290 1039 333 oronnours

234 403 444 486 3413333333
466 403 502 467 P.
518 402 700 481 Autronius,
713 420 784 469 uoce
806 403 953 485 peracuta
976 402 1070 483 atque
1085 418 1209 485 magna,
1232 420 1287 467 nec
1310 402 1372 465 alia
1396 422 1430 466 re

305 501 372 567 ulla
393 500 572 584 probabilis,
594 503 627 566 et
648 500 683 565 L.
700 498 848 565 Octavius
871 498 1032 577 Reatinus,
1060 498 1202 581 quicum
1224 499 1430 564 multaciam

305 618 413 664 causas
434 598 559 674 diceret,
582 597 763 663 adulescens
778 598 825 663 est
839 599 1034 663 mortuus-
1049 596 1076 661 is
1091 598 1196 661 temen
1212 596 1429 663 addicendum

306 697 447 763 veniebat
469 696 570 781 magis
592 696 738 761 audacter
760 714 855 779 quam
878 696 1002 779 parator
1026 697 1119 761 -et
1141 694 1174 759 O.
1194 692 1350 786 Staienus,
1372 699 1430 779 qui

305 796 424 878 seipse
446 794 645 878 adoptaverat
667 794 757 859 etde
781 792 905 858 Staieno
928 793 1056 858 Aelium
1078 792 1202 870 fecerat,
1225 792 1431 876 fervidoque

305 894 377 958 dam
399 895 431 958 et
451 894 607 977 petulenti
629 894 661 957 et
683 891 798 957 furioso
820 910 930 976 genere
954 889 1075 957 dicendi
1085 913 1098 965 3.
1116 890 1198 973 quod
1220 890 1296 973 quia
1317 892 1432 956 multis

305 992 431 1075 gratum
453 991 520 1055 erat
541 992 573 1056 et
594 990 793 1073 probabatur,
817 988 1004 1055 ascendisset
1027 987 1065 1053 ad
1087 988 1224 1067 honores,
1248 988 1309 1053 nisi
1332 990 1366 1053 in
1390 989 1432 1053 fa-

305 1089 406 1154 cinore
429 1087 592 1154 manifesto
614 1087 821 1172 deprehensus
836 1104 947 1171 poenes
962 1085 1085 1171 legibus
1108 1087 1139 1151 et
1154 1086 1270 1151 iudicio
1286 1085 1431 1152 dedisset.

221 1190 287 1275 x242
305 1185 418 1250 LXIX.
434 1184 548 1251 Eodem
565 1186 701 1269 tempore
717 1184 750 1251 (1.
767 1185 802 1249 L.
819 1183 960 1267 Caepasii
976 1183 1087 1249 fratres
1102 1183 1239 1262 fuerunt,
1255 1183 1311 1266 qui
1327 1186 1432 1248 multe.

305 1301 416 1367 opera,
439 1284 538 1367 ignoti
566 1283 705 1349 homines
735 1284 767 1348 et
788 1282 961 1366 repentini,
984 1282 1161 1364 quaestores
1186 1280 1329 1346 celeriter
1355 1281 1431 1347 facti

306 1383 388 1458 sunt,
410 1380 562 1465 oppidano
584 1380 718 1464 quodam
740 1382 773 1446 et
794 1378 951 1445 incondito
973 1398 1084 1465 genere
1106 1377 1238 1443 dicendi.
1269 1378 1432 1443 Addamus

305 1479 366 1543 buc
388 1480 501 1553 etiam,
525 1497 676 1561 nequem
701 1478 837 1544 vocalem
861 1476 1041 1561 praeterisse
1065 1475 1242 1554 videamur,
1265 1476 1299 1541 Ο.
1322 1476 1433 1543 Cosco-

305 1576 394 1641 nium
416 1576 624 1655 Oalidianum,
648 1576 700 1659 qui
725 1575 813 1641 nullo
828 1576 971 1641 acumine
993 1593 1062 1640 earn
1085 1576 1189 1639 tamen
1205 1574 1370 1640 verborum
1387 1594 1432 1640 co·

304 1673 398 1757 piem,
421 1675 448 1739 si
471 1673 731 1757 quamhabsbat,
754 1674 921 1758 praebebat
949 1672 1062 1757 populo
1084 1690 1156 1737 cum
1182 1672 1285 1737 multa
1307 1689 1433 1739 concur·

304 1771 421 1837 satione
443 1790 616 1857 magnoque
638 1772 790 1837 clamore:
813 1770 894 1853 quod
917 1770 999 1835 idern
1021 1769 1156 1835 faciebat
1178 1768 1214 1849 Q.
1230 1770 1352 1847 Arriae,
1377 1771 1430 1853 qui

304 1869 366 1935 fuit
380 1870 423 1934 M.
435 1870 536 1936 Crassi
552 1870 640 1953 quasi
657 1870 871 1935 secundarum.
896 1868 926 1933 [3
943 1868 1087 1934 omnibus
1102 1867 1241 1951 exemplo
1257 1868 1349 1933 debet
1366 1888 1432 1935 esse

305 2082 372 2134 =il
399 2081 474 2134 modo
499 2080 526 2135 di
552 2098 662 2151 esporre.
690 2112 726 2122 -
753 2083 857 2151 lepo'rie.
877 2100 901 2137 v.
921 2080 981 2137 238.
1005 2112 1039 2121 -
1112 2084 1188 2139 241.
1208 2082 1242 2135 P.
1264 2082 1430 2137 Autronius.

306 2170 329 2206 v.
350 2152 413 2206 Dia.
431 2152 517 2222 hiopr.
535 2183 571 2191 -
589 2169 697 2222 moena.
716 2172 741 2207 r.
760 2153 821 2209 203.
841 2184 873 2193 -
892 2168 941 2207 333
958 2152 1015 2207 oleo
1032 2169 1062 2210 re
1079 2152 1137 2207 3113
1150 2152 1231 2221 prot.
1245 2175 1281 2199 =
1294 2156 1327 2206 ud
1347 2170 1431 2208 33333

305 2224 374 2277 altro
392 2223 481 2293 pregio
499 2221 642 2278 ell'iniuori
660 2223 687 2278 di
706 2229 807 2295 questo.
825 2255 859 2265 --
871 2224 905 2279 L.
922 2222 1049 2279 03333133
1068 2223 1146 2278 11333.
1166 2209 1190 2278 Ε
1209 2223 1384 2279 sconosciuto.
1399 2255 1432 2266 -

304 2294 392 2365 erupis
418 2294 483 2349 aad.
510 2311 593 2364 quom
615 2312 679 2366 par.
692 2313 788 2351 =con
817 2296 937 2365 maggior
964 2294 1072 2349 andacia
1100 2294 1147 2348 cbe
1175 2295 1372 2365 preparanione.
1403 2327 1431 2336 -

306 2366 335 2421 0.
355 2365 491 2421 Staienus.
510 2383 534 2421 r.
554 2366 618 2422 Die.
640 2368 724 2437 biopr.
744 2398 778 2407 —
797 2368 879 2437 qui...
889 2367 997 2431 feceret.
1017 2382 1041 2419 3.
1064 2366 1128 2421 Dia.
1157 2366 1240 2435 bioqr.
1261 2396 1296 2406 -
1314 2366 1384 2432 fero.
1398 2392 1431 2413 =

304 2437 442 2492 concitato.
464 2468 498 2477 -
512 2438 597 2506 perui.
612 2437 791 2493 =ssacciato
819 2468 855 2478 —
881 2437 991 2503 33333333.
1012 2455 1036 2491 v.
1055 2436 1108 2491 233
1136 2436 1252 2501 florebat.
1273 2466 1309 2477 -
1326 2438 1358 2491 in
1378 2438 1431 2504 fec.

190 2556 193 2562 .
305 2525 375 2563 3333.
394 2508 502 2577 31333313.
516 2532 552 2556 =
563 2508 631 2563 celto
650 2509 677 2563 in
699 2510 830 2579 flagrante
848 2508 951 2563 delitto.
968 2526 991 2562 v.
1012 2506 1277 2578 1113313933013.
1294 2510 1374 2577 Top,
1391 2511 1430 2563 75.

304 2610 340 2619 -
354 2594 465 2648 poenae.
485 2578 583 2633 Percht
601 2582 621 2635 il
640 2580 784 2649 31333-
803 2581 850 2650 139.
872 2586 898 2635 33
914 2580 971 2633 iud.
991 2564 1015 2633 Ε
1038 2579 1173 2648 frequente
1191 2579 1219 2632 in
1239 2578 1293 2635 013.
1314 2580 1432 2635 l’unione

305 2649 332 2703 di
351 2649 438 2719 questi
457 2649 507 2704 due
525 2653 588 2705 sest.
601 2676 635 2699 =
649 2668 695 2706 333
714 2668 767 2706 333
786 2655 908 2706 33333333
927 2650 1101 2719 pronunciata
1123 2649 1232 2705 secondo
1250 2650 1275 2704 13
1293 2650 1378 2721 leggi.
1400 2683 1432 2693 -

306 2720 402 2774 LXIX.
421 2724 499 2779 242.
523 2721 549 2774 O.
567 2721 601 2776 L.
623 2722 755 2791 uaepoe.
775 2740 799 2778 v.
820 2724 883 2777 Die.
909 2723 991 2792 biopr.
1015 2752 1051 2763 —
1072 2721 1157 2775 333133
1184 2737 1274 2791 opere.
1302 2722 1374 2777 Sott.
1394 2722 1432 2788 so·

305 2792 386 2845 33333.
405 2822 440 2831 -
458 2792 688 2861 epmti...repeut.
708 2794 852 2848 Risolverui
870 2796 963 2864 questo
982 2792 1062 2847 inciso
1074 2792 1102 2845 in
1117 2809 1170 2846 333
1188 2809 1258 2862 prop.
1273 2794 1430 2849 concessiva.

304 2863 420 2932 Ipaotus
438 2863 485 2931 qui
502 2864 622 2933 equirale
640 2881 656 2918 a
674 2881 773 2933 33333·
793 2864 949 2935 repentinos
962 2888 996 2910 =
1008 2863 1191 2918 3333313333
1211 2879 1245 2917 un
1265 2865 1352 2919 tratto
1373 2865 1430 2934 (cfr.

305 2934 325 2987 il
339 2949 464 3003 pervenre
481 2933 522 2988 dei
541 2934 683 3003 Ilrencesi).
702 2966 738 2977 -
755 2938 899 3007 oppidano.
919 2935 998 2991 Come
1016 2936 1059 2989 noi
1087 2934 1197 2988 diciemo
1220 2935 1426 3003 ‹provinciali›

305 3005 343 3074 gli
361 3003 478 3059 abitanti
496 3004 564 3059 delle
583 3006 678 3075 piecole
705 3007 780 3072 31333,
809 3009 836 3062 13
865 3005 1431 3075 333133333331133311131333131333333113

305 3075 853 3147 3131333331,33310133333331313333
880 3081 969 3133 contro
997 3077 1030 3131 ad
1058 3078 1181 3131 3333333
1202 3076 1337 3147 (abitante
1360 3078 1430 3134 delle

304 3147 389 3217 arde),
408 3164 422 3201 e
441 3148 502 3200 vuol
520 3148 575 3201 dire
593 3150 640 3202 che
658 3148 702 3203 dal
722 3150 776 3203 loro
795 3150 870 3205 modo
888 3150 914 3203 di
934 3148 1036 3219 parlare
1060 3148 1082 3202 si
1105 3148 1268 3203 riconoscevu
1287 3150 1335 3204 che
1352 3150 1364 3205 1
1384 3149 1427 3204 Ce-

305 3218 371 3286 pasii
390 3233 442 3271 non
460 3235 523 3273 eran
541 3220 599 3273 3331
618 3237 634 3275 3
652 3220 743 3274 Roma.
763 3252 797 3262 -
815 3220 921 3277 incoad.
942 3221 1021 3276 Come
1047 3234 1224 3287 conseguenae
1244 3218 1272 3273 di
1291 3237 1307 3275 o
1321 3221 1383 3291 piri.
1396 3244 1430 3267 =

304 3286 463 3357 grossulano.
483 3321 517 3330 —
535 3306 620 3359 quem.
640 3288 695 3345 Cbe
715 3293 940 3361 3333313333-
960 3290 1225 3359 vocalem=capace
1248 3290 1276 3344 di
1308 3294 1363 3346 ersi
1376 3308 1429 3347 sen·

305 3359 364 3413 tire.
383 3347 408 3416 E
426 3360 630 3430 un'espressione
647 3362 789 3427 cohercere,
809 3381 853 3417 con
874 3362 916 3417 cui
936 3360 989 3415 Cio.
1009 3361 1095 3416 indica
1113 3362 1183 3416 tutti
1202 3362 1286 3416 coloro
1305 3364 1352 3418 clre
1375 3380 1429 3433 par·

304 3432 398 3487 laveno
416 3448 493 3485 senze
512 3449 587 3487 erere
606 3434 698 3487 merito
717 3436 818 3489 alcuno.
838 3466 871 3474 -
893 3434 922 3489 0.
944 3431 1016 3488 0333.
1032 3432 1118 3489 Getici.
1138 3420 1161 3489 Ε
1181 3434 1279 3502 ignoto.
1300 3465 1336 3474 -
1352 3434 1428 3489 333113

304 3519 392 3559 33333.
412 3520 436 3556 3.
455 3502 515 3557 240.
536 3534 571 3543 -
588 3505 659 3560 verb.
678 3507 791 3575 copiam.
811 3505 923 3560 Traduci
952 3504 991 3557 col
1017 3507 1105 3557 nostro
1128 3504 1256 3575 «loquele
1269 3526 1294 3558 ›.
1314 3535 1348 3546 -
1368 3522 1429 3561 3333

304 3575 389 3628 melta
408 3589 528 3628 concurs.
540 3598 576 3620 =
590 3575 617 3629 in
637 3592 722 3630 mezzo
751 3594 767 3630 a
795 3576 894 3647 grande
917 3590 1042 3630 concerno.
1062 3604 1097 3614 -
1112 3575 1205 3644 proed.
1219 3597 1255 3621 =
1267 3574 1357 3631 facere
1375 3593 1427 3630 sen·

304 3644 364 3698 tire.
382 3675 418 3685 —
435 3645 556 3700 claruere.
575 3664 599 3700 3.
621 3648 679 3701 164.
699 3679 733 3688 -
755 3647 786 3718 Q.
807 3649 916 3703 Arrius.
937 3663 961 3699 3.
981 3646 1143 3716 1133131333.
1165 3676 1199 3686 -
1217 3645 1268 3715 qui
1281 3646 1430 3717 fuitquoei

304 3716 493 3770 secundarum.
512 3716 581 3771 Sott.
597 3719 720 3785 partium
737 3725 821 3774 actor.
840 3716 913 3774 Colle
940 3717 1094 3787 espressioni
1117 3718 1197 3786 prim.
1217 3733 1269 3772 333.
1290 3724 1349 3774 tert.
1365 3734 1427 3787 por-

306 3785 372 3839 31333
389 3790 465 3839 octor
484 3786 492 3839 i
511 3786 623 3841 Romani
649 3788 803 3844 indicereno
822 3790 831 3843 i
850 3790 866 3844 3
885 3788 968 3845 atteri
987 3788 1029 3843 del
1048 3788 1139 3843 drama
1167 3804 1257 3859 greco;
1278 3806 1427 3859 πρωταγω-

304 3856 410 3921 νιστής,
428 3858 694 3925 δευτεραγωνιστής,
713 3864 942 3929 τριταγωνιστής.
957 3858 1010 3915 Ora
1022 3862 1036 3913 b
1050 3863 1111 3913 noto
1131 3860 1178 3914 cho
1196 3859 1216 3913 il
1236 3860 1319 3929 primo
1332 3861 1425 3919 attere,

304 3941 354 4049 tt
368 3925 1077 4057 3331.3113333313.33331
1089 3932 1286 4073 trudetur
1304 3927 1424 4055 tuit

304 4069 331 4120 13
358 4069 804 4140 3333333333331333313.113333
825 4071 857 4141 Q.
879 4072 965 4141 0333,
984 4048 1054 4143 48).⁰
1066 4074 1097 4127 13
1126 4079 1219 4145 questo
1247 4090 1322 4127 senso
1343 4088 1425 4126 ranno
