3042 4692
407 217 537 314 usurus,
561 258 645 314 uxur,
669 243 769 312 exilu,
791 239 950 312 234-236
1193 241 1252 303 167

122 371 256 437 fallebat
278 371 310 435 in
333 388 368 436 eo
390 370 467 454 ipso,
490 370 534 434 sio
556 369 742 449 intervallis,
765 370 1050 448 exclamationibus,
1074 391 1145 438 voce
1161 374 1250 438 suavi

122 470 156 534 et
179 487 299 546 canora,
321 469 436 532 miram
458 472 613 550 quautam
635 467 756 534 calebat
781 467 813 532 in
837 466 965 554 agendo,
986 472 1024 534 ut
1039 487 1084 548 ea,
1101 488 1180 552 quae
1202 469 1251 535 de-

122 569 224 644 erant,
246 585 306 630 nou
328 564 585 630 desiderarentur.
607 566 666 643 lta,
689 567 852 648 tamquam
875 564 969 631 Curio
991 567 1079 650 copia
1101 567 1250 632 nonnulla

122 662 299 742 verborum,
322 663 409 729 nullo
430 662 492 728 alio
511 663 597 739 bono,
613 663 716 728 tenuit
730 665 886 730 oratorum
902 663 1016 743 locum,
1038 665 1083 730 sio
1098 665 1251 730 Lentulus

122 764 300 826 ceterarum
322 760 477 827 virtutum
500 760 622 826 dioeudi
645 760 892 826 mediocritatem
920 762 1039 828 actione
1071 762 1250 841 occultavit,

122 860 156 922 iu
181 877 244 942 qua
265 858 417 940 excellens
438 857 508 923 fuit.
543 857 651 942 Neque
674 858 775 923 multo
797 877 886 924 secus
913 859 950 924 P.
970 860 1137 938 Lentulus,
1160 861 1250 926 euius
1269 873 1323 928 235

122 958 156 1020 et
178 955 371 1041 excogitandi
393 959 425 1022 et
446 956 593 1039 loquendi
616 955 798 1022 tarditatem
820 958 947 1042 tegebat
967 956 1086 1022 formae
1103 957 1249 1044 dignitas,

121 1055 260 1137 corporis
280 1056 384 1120 motus
404 1054 514 1137 plenus
536 1056 569 1120 et
589 1054 666 1136 artis
693 1055 724 1119 et
745 1054 928 1133 venustatis,
954 1055 1038 1121 vocis
1059 1057 1092 1121 et
1113 1055 1251 1121 suavitas

121 1153 155 1215 et
178 1151 371 1235 magnitudo.
395 1151 454 1217 Sed
476 1152 509 1216 in
531 1152 589 1217 hoo
610 1151 692 1218 nihil
724 1154 845 1235 praeter
867 1153 1020 1226 actionem
1054 1153 1126 1231 fuit,
1149 1155 1251 1219 cetera

122 1247 221 1314 etiam
244 1249 364 1314 minora
385 1267 478 1331 quam
502 1249 534 1313 in
557 1250 722 1334 superiore.
755 1248 885 1313 LXVII.
920 1249 963 1314 M.
993 1250 1066 1316 Piso
1097 1250 1251 1333 quidquid
1269 1269 1324 1326 236

121 1346 247 1425 habuit,
270 1346 382 1411 habuit
403 1366 438 1412 er
461 1347 627 1430 disciplina
648 1349 845 1431 maximeque
868 1367 904 1413 er
925 1349 1079 1427 omuibus,
1102 1349 1156 1431 qui
1180 1351 1251 1414 ante

121 1443 262 1521 fuerunt,
286 1443 411 1508 Graecis
434 1443 585 1509 doctrinis
607 1444 749 1510 eruditus
764 1445 836 1510 fuit.
858 1444 982 1516 Habuit
995 1464 1014 1509 a
1028 1452 1140 1510 natura
1154 1465 1252 1531 genus

121 1539 281 1622 quoddam
303 1541 471 1621 acuminis,
495 1541 576 1624 quod
600 1541 694 1607 etiam
726 1545 794 1607 arte
821 1543 1004 1609 limaverat:
1027 1543 1109 1627 quod
1131 1545 1197 1608 erat
1218 1543 1251 1607 in

121 1638 381 1722 reprehendendis
408 1640 508 1706 verbis
537 1643 697 1706 versutum
732 1642 764 1705 et
796 1640 925 1721 sollers,
955 1640 1009 1706 sed
1031 1661 1120 1725 saepe
1142 1644 1254 1708 stoma·

121 1737 273 1816 ohosum,
301 1751 533 1820 nonnumquam
555 1737 722 1823 frigidum,
744 1738 902 1804 interdum
925 1739 1021 1804 etiam
1044 1739 1189 1804 facetum.
1220 1739 1255 1804 Is

120 1835 261 1900 laborem
285 1834 373 1917 quasi
397 1854 522 1915 cursum
544 1836 695 1901 forensem
718 1835 839 1901 diutius
861 1855 920 1900 uon
942 1837 1030 1914 tulit,
1048 1836 1130 1918 quod
1144 1837 1176 1904 et
1190 1855 1254 1902 cor·

123 1979 202 2032 daulo
221 1980 248 2034 in
269 1979 341 2032 volta
360 1979 381 2032 si
401 1979 508 2034 serebbe
535 1979 609 2034 detto
637 1997 712 2034 uomo
731 1980 779 2034 ohe
797 1996 917 2050 pensasse
934 1980 1010 2034 assai.
1029 2010 1064 2020 —
1082 1997 1131 2034 aee
1147 1980 1253 2035 abund.

123 2050 214 2105 uerbis
227 2075 263 2096 =
277 2053 309 2104 ue
328 2050 435 2104 facundo
463 2051 603 2122 (elocutio).
622 2082 656 2092 -
674 2051 832 2117 fallebat:
845 2051 958 2106 riumiva
985 2050 1019 2104 ad
1043 2052 1196 2122 ingenuare.
1215 2082 1251 2091 -

122 2123 153 2174 ia
167 2121 276 2246 errps'pqo
289 2121 434 2245 ==Hperfino
446 2121 473 2246 dn
487 2121 719 2247 cibffapeva.⁰{⁰d
737 2126 854 2177 otteuere
873 2123 1093 2205 luffetmvoluto,
1107 2123 1253 2247 sutppleudo

121 2209 171 2246 oon
212 2209 244 2245 uc
257 2208 316 2247 eoa
338 2209 436 2262 opaca
458 2209 520 2248 acou
541 2209 575 2248 ra.
595 2224 628 2234 -
647 2210 676 2247 aa
689 2210 741 2247 ero.
755 2217 790 2238 =
803 2210 890 2262 pause.
903 2223 937 2232 -
950 2210 1134 2262 merumqaua
1147 2211 1193 2248 um
1209 2211 1254 2248 oo-

123 2263 198 2317 lebut
214 2265 246 2316 in
263 2279 307 2332 up.
329 2280 352 2316 v.
372 2264 445 2332 App.
465 2265 523 2319 orit.
543 2293 577 2304 -
596 2281 666 2333 qaae
684 2265 752 2318 dea.
766 2287 801 2309 =
813 2263 851 2333 gli
870 2263 934 2318 altri
947 2263 1001 2317 suoi
1021 2264 1119 2317 difetti.
1139 2295 1173 2304 -
1195 2280 1251 2319 aaa

122 2333 239 2388 ἀσείἅσε.
253 2351 353 2388 :non
381 2351 458 2388 erano
486 2337 581 2390 notati.
600 2365 635 2376 -
654 2341 792 2403 tamquam
802 2351 881 2388 εἰσ
910 2333 982 2387 Nota
1000 2333 1047 2388 che
1066 2350 1102 2387 uu
1119 2351 1254 2404 paragano

121 2403 167 2458 fra
187 2403 238 2458 due
256 2421 312 2459 cose
330 2423 344 2458 o
363 2421 470 2475 persone
498 2407 562 2460 reali
581 2407 602 2460 si
622 2406 732 2475 esprime
750 2406 797 2473 pitu
814 2405 1038 2474 frequentemente
1056 2421 1102 2459 con
1121 2406 1254 2474 alaim

120 2476 290 2540 εἰσαίψίία,
307 2477 360 2545 εἰσ,·
378 2477 527 2545 quemodm.
574 2479 622 2543 itu,
640 2477 692 2545 se'o,·
711 2475 821 2530 laddove
840 2482 978 2545 tamquam
995 2475 1067 2530 usasi
1084 2476 1254 2530 solitameute

122 2547 196 2601 nelle
214 2563 285 2616 pmp.
306 2547 372 2616 ipot.
392 2563 437 2617 per
456 2548 480 2602 le
499 2549 571 2618 quali
590 2549 618 2623 ei¹
631 2548 763 2601 istituisce
790 2564 826 2600 un
845 2563 977 2616 paragone
994 2547 1151 2615 imaginario
1170 2548 1255 2617 (come

121 2618 179 2688 se):
205 2618 301 2685 «parvi
322 2618 406 2688 primo
426 2622 486 2673 ortu
505 2620 542 2674 sic
560 2619 648 2672 iacent
661 2621 799 2688 tamquam
818 2618 874 2672 sine
891 2619 972 2672 armis
991 2619 1096 2673 omniuo
1114 2619 1170 2672 sint
1182 2639 1194 2666 ›
1208 2619 1255 2686 (cle

122 2689 203 2752 Fre,
216 2689 247 2752 V,
263 2690 315 2759 15).
336 2688 364 2742 Si
382 2689 470 2743 hauno
488 2693 549 2760 pero
567 2691 594 2744 iu
614 2688 667 2744 Cio.
687 2689 776 2744 alcuni
803 2689 867 2742 altri
894 2689 990 2758 esempi
1009 2689 1036 2741 iu
1055 2689 1097 2742 oui
1115 2695 1252 2758 tamquam

121 2763 146 2826 e,
167 2775 241 2814 come
259 2761 314 2830 qui,
333 2763 410 2814 ussto
435 2777 480 2829 per
504 2767 536 2816 al
555 2777 569 2814 o
587 2761 664 2816 secat.
684 2760 737 2816 Ofr,
753 2777 807 2830 pro
825 2759 908 2828 Sext,
927 2761 969 2814 56.
989 2791 1024 2800 -
1045 2761 1135 2815 oleo,
1155 2778 1180 2813 v.
1199 2761 1255 2815 210

122 2849 137 2884 e
158 2831 221 2884 220.
242 2861 277 2870 -
294 2831 370 2886 uallo
388 2831 442 2884 alio
461 2833 529 2887 coeo
542 2855 577 2878 =
590 2831 729 2886 seua'altro
747 2831 844 2901 pregio.
863 2861 898 2872 -
978 2834 1056 2889 235.
1075 2834 1105 2886 ia
1123 2848 1178 2900 qao
1195 2847 1253 2886 cao.

119 2901 187 2966 fuit.
209 2901 260 2955 Nel
280 2903 397 2972 pensiero
415 2901 443 2954 di
462 2902 514 2958 Cio.
534 2907 626 2972 queste
644 2903 732 2971 parole
750 2902 871 2972 vogliono
888 2901 1066 2972 coutrapporsi
1084 2919 1101 2956 a
1118 2903 1252 2957 mediocri-

122 2977 222 3040 tatem
241 2972 267 3026 la
286 2972 442 3028 mediocritt
460 2975 528 3029 nelle
546 2973 614 3028 altre
632 2975 702 3042 parti
721 2972 748 3026 du
771 2977 939 3042 compensata
965 2973 1181 3026 dall'eooellenua
1199 2974 1255 3027 nel·

121 3043 243 3098 l'azione.
264 3075 298 3084 -
317 3059 399 3099 aecus.
412 3032 436 3100 ld
450 3061 485 3098 uu
499 3048 592 3100 neutro
605 3047 666 3098 sest.
680 3045 779 3098 arcaioo
792 3045 880 3098 iuvere
898 3044 926 3097 di
943 3059 1030 3098 semes.
1050 3029 1074 3098 Id
1093 3048 1168 3097 ussto
1180 3060 1254 3098 come

120 3113 295 3169 avverbio=
308 3115 506 3170 diversameute.
531 3146 566 3156 -·
590 3116 626 3169 P.
652 3116 795 3170 Lentulus.
821 3132 847 3168 v.
872 3115 936 3169 Dr'a.
958 3115 1043 3184 bioyr.
1062 3145 1096 3154 -
1114 3130 1203 3184 eaooq.
1216 3137 1252 3159 =

120 3185 194 3240 delle
212 3185 275 3239 ideo.
295 3185 387 3241 Auche
404 3203 450 3242 con
470 3189 563 3256 questo
582 3185 703 3240 vocabolo
716 3185 770 3242 Cic.
783 3203 896 3240 acoenna
913 3186 939 3238 al
957 3185 1046 3255 pregio
1062 3185 1253 3249 dell’iaeeatio,

121 3273 195 3311 come
213 3256 253 3310 eol
272 3261 397 3326 segueute
416 3257 599 3329 (loquendus
618 3258 707 3326 quello
729 3257 918 3312 dell'elocatio.
938 3287 974 3296 -
992 3257 1143 3326 tepebat:
1155 3272 1254 3326 sapeva

119 3327 288 3382 aescendere.
308 3358 343 3369 -
361 3328 435 3398 dipsa.
455 3329 605 3394 formae:
617 3327 720 3383 uobilta
738 3328 914 3398 dell'aspetto.
932 3358 967 3368 -
979 3342 1050 3397 corp.
1070 3333 1131 3383 mot.
1140 3328 1213 3396 plen.
1226 3333 1254 3380 er

119 3405 175 3453 ort.
194 3403 221 3453 et
239 3415 297 3454 aea.
309 3423 345 3446 π
357 3399 472 3454 l'abilita
491 3417 504 3454 e
522 3400 549 3454 la
567 3399 657 3469 grazia
675 3399 716 3454 ue'
729 3400 807 3469 gesti.
828 3427 862 3438 -
886 3414 950 3453 voce
967 3403 993 3452 et
1009 3414 1084 3452 suae.
1103 3404 1129 3454 el
1150 3414 1251 3467 maeno

120 3493 157 3515 =
169 3469 197 3523 la
217 3487 279 3526 voce
297 3471 436 3558 simpatioa
455 3488 469 3525 e
487 3470 602 3525 robusta.
622 3501 658 3510 -
676 3469 728 3526 Sic.
749 3471 818 3553 Sott.
838 3474 869 3523 ut
885 3470 917 3523 s'a
934 3469 1057 3552 damtalo.
1078 3499 1111 3510 -
1134 3469 1251 3552 natal:

121 3557 241 3666 runo
258 3539 1251 3684 ruur·:„r{tarar=nrsororve-,rare

121 3684 210 3738 limae.
231 3682 344 3738 Osserva
363 3683 389 3738 la
408 3684 542 3754 propriata
554 3683 597 3738 del
610 3683 722 3737 traslato
735 3683 936 3737 relativamente
948 3681 982 3736 ad
1000 3698 1114 3737 acumem
1124 3698 1252 3736 =eveva

122 3770 180 3808 reso
207 3771 287 3809 auoor
314 3754 360 3824 pilu
381 3755 442 3809 dna.
462 3787 497 3796 -
515 3756 546 3809 ive
563 3754 669 3824 reparet.
694 3754 883 3809 εσνόἰε--ῃσί
902 3753 942 3806 sar
960 3753 986 3807 la
1005 3754 1096 3808 critica
1114 3752 1140 3806 di
1160 3770 1195 3806 uu
1214 3752 1252 3805 di-

122 3840 212 3879 scorso.
232 3857 269 3867 -—
288 3831 426 3881 versulam
438 3849 473 3872 =
487 3825 564 3880 abile.
583 3857 617 3866 —
636 3825 726 3880 sollers
738 3849 774 3872 =
786 3825 813 3878 in
834 3841 936 3894 egnoso,
957 3825 1054 3878 sottile.
1074 3855 1109 3866 -
1127 3841 1253 3893 saepe:

124 3913 173 3950 uon
193 3897 219 3951 di
239 3913 306 3952 raro.
326 3927 363 3936 —-
380 3897 505 3952 stomued.
519 3897 589 3950 =si
608 3897 726 3951 stizziva.
755 3926 788 3935 -
811 3842 1081 3966 driuidum=senaa
1099 3897 1196 3950 anima.
1215 3923 1251 3933 —

123 3968 259 4023 interdum
278 3969 368 4024 etiam.
387 3967 528 4022 Introduoe
555 3969 575 4021 il
604 3972 674 4021 terzo
702 3965 1019 4036 terminefooetum531i
1039 3966 1102 4019 altri
1121 3965 1171 4019 due
1188 3981 1253 4017 sono

123 4047 257 4096 camelum
284 4056 298 4094 o
324 4039 420 4096 sollcrs.
440 4070 475 4080 —
494 4039 609 4094 laborem
627 4039 709 4107 quusi
734 4054 850 4094 cursum.
870 4055 894 4092 v.
913 4039 987 4106 App.
1006 4038 1065 4092 erat.
1085 4067 1119 4076 -
1138 4037 1252 4089 diarias.
