3042 4692
355 308 487 360 saurus,
510 307 608 364 nxvn,
631 309 741 362 nxvur,
765 289 925 386 2385an
1139 293 1191 351 171

88 423 151 498 crat,
172 419 345 486 videbatur.
367 419 448 486 Nem
465 420 532 486 eius
546 420 708 503 aequalem
731 421 774 485 Μ’
792 419 991 487 Glabrionem
1014 423 1089 488 bene
1104 423 1195 488 insti·

88 520 178 582 tutum
196 518 246 584 ari
262 517 425 584 Scaevolae
440 517 605 604 diligentia
619 537 718 584 socors
733 519 833 602 ipsius
846 522 959 585 natura
973 520 1194 606 negligensque

89 615 257 680 tardaverat.
280 615 384 680 Etiam
407 615 442 680 L.
462 615 638 698 Torquatus
660 616 785 701 elegans
807 615 839 680 in
864 615 1010 692 dicendo,
1032 615 1066 680 in
1089 617 1195 682 existi-

87 713 184 778 mando
207 712 373 778 admodum
395 712 538 798 prudens,
554 713 617 779 toto
633 731 743 798 genere
758 713 961 797 perurbanns.
984 715 1073 779 Meus
1088 715 1193 779 summ

88 810 213 892 aequalis
235 801 302 876 (inf
316 811 492 895 Pompeius,
516 811 563 875 vir
584 811 623 875 ad
652 811 756 876 omnia
777 830 900 876 summa
921 814 1023 890 natus,
1045 811 1194 876 maiorem

87 907 194 974 dicendi
217 908 350 994 gloriam
372 909 552 988 habuisset,
574 908 635 974 nisi
658 925 730 974 errm
752 909 879 975 maioris
900 909 1017 994 gloriae
1039 908 1194 993 cupiditas

86 1005 118 1070 ad
138 1005 263 1072 bellicas
284 1006 393 1072 laudes
415 1007 621 1072 abstraxisset.
644 1007 721 1071 Erat
736 1007 872 1074 oratione
888 1008 965 1072 setis
980 1007 1113 1090 amplus,
1128 1027 1193 1072 rem

87 1104 241 1186 prudenter
263 1105 403 1180 videbat3
425 1105 508 1170 ectio
529 1121 599 1170 vero
621 1105 688 1170 eius
709 1105 845 1171 habebat
865 1107 897 1171 et
912 1105 944 1170 in
959 1124 1031 1171 roce
1046 1125 1194 1191 magnum

86 1201 265 1284 splendorem
293 1202 379 1268 etin
405 1205 491 1269 motu
520 1220 673 1267 summam
697 1202 894 1288 dignitatem.
916 1203 1029 1269 Noster
1049 1204 1125 1268 item
1148 1221 1195 1269 ae·
1213 1217 1265 1276 240

85 1299 176 1381 qualis
198 1301 237 1365 D.
261 1299 387 1366 Silanus
409 1300 539 1366 vitricus
560 1303 634 1366 tuus
656 1299 753 1366 studii
775 1300 831 1366 ille
853 1300 979 1384 quidem
1002 1302 1114 1367 hebuit
1134 1321 1194 1368 non

86 1397 222 1477 multum,
245 1398 298 1464 sed
319 1398 473 1464 acuminis
495 1400 527 1464 et
549 1399 695 1464 orationis
718 1399 804 1464 satis.
838 1399 875 1479 Q.
897 1399 1064 1483 Pompeius
1086 1399 1124 1465 n.
1148 1400 1194 1478 2.,

84 1495 131 1576 qui
151 1495 339 1580 Bithynicus
364 1495 467 1562 dictus
490 1499 556 1574 est,
586 1496 709 1562 biennio
732 1515 826 1580 qnam
857 1516 911 1562 nos
937 1497 1064 1562 fortasse
1086 1497 1194 1577 maior,

85 1609 194 1659 summo
229 1593 332 1660 studio
358 1593 480 1659 dicendi
506 1594 669 1676 multaque
699 1594 859 1674 doctrine,
886 1595 1063 1660 incredibili
1081 1595 1194 1662 labore

83 1692 166 1773 atque
187 1691 352 1772 industria,
374 1691 456 1775 quod
478 1691 555 1757 scire
578 1709 717 1775 possum:
741 1691 803 1757 fuit
824 1692 907 1758 enim
926 1712 1052 1768 mecum
1075 1695 1193 1759 etcum
1303 1731 1308 1741 ι

83 1789 120 1853 Μ.
131 1789 240 1856 Pisone
255 1809 325 1855 cnm
349 1789 490 1856 amicitie
511 1791 580 1854 tum
595 1789 708 1854 studiis
723 1790 1055 1872 exercitationibusque
1071 1791 1195 1856 coniun-

82 1887 151 1952 ctus.
177 1887 284 1952 Huius
306 1887 387 1952 actio
419 1907 477 1953 non
505 1887 581 1953 satis
606 1886 842 1954 commendabat
867 1888 1058 1962 orationem
1080 1888 1112 1953 in
1136 1889 1195 1971 hac

82 1984 155 2048 enim
177 1985 255 2052 satis
277 1987 344 2050 erat
364 1985 477 2068 copiae,
500 1985 532 2049 in
555 1986 613 2050 ille
635 1987 740 2051 autem
762 1985 876 2069 leporis
898 2005 1017 2070 perum.
1035 1985 1111 2050 llrat
1127 1985 1195 2051 eius

81 2238 134 2293 lava
151 2256 196 2296 con
216 2239 344 2306 facondia,
363 2255 440 2294 senza
458 2239 657 2294 declamaziouc.
671 2269 705 2280 -
718 2239 782 2294 min.
798 2239 843 2294 ille
854 2240 928 2308 quid.
942 2257 965 2293 v.
981 2240 1039 2294 128.
1053 2241 1196 2296 -1ardus

80 2313 105 2363 in
122 2327 210 2382 excep.
225 2329 249 2366 v.
269 2310 329 2374 216,
348 2310 401 2365 235
419 2311 565 2380 (intentio).
585 2341 619 2352 --
638 2311 715 2365 cultu
733 2316 758 2364 et
776 2311 892 2364 amum.
921 2309 1063 2366 considera
1081 2311 1196 2380 l'esprcs-

80 2381 145 2436 sione
162 2399 235 2438 come
254 2381 407 2437 un'endiadi
418 2405 455 2428 =
466 2381 635 2436 simulatione
647 2381 738 2436 callus
749 2405 785 2429 =
797 2397 892 2450 sapere
904 2380 976 2449 negli
989 2381 1194 2451 attcggiamenti

79 2451 117 2506 del
135 2454 205 2508 volte
224 2452 350 2507 simulare
370 2469 423 2506 una
442 2452 590 2522 profonditd
609 2452 732 2522 (acutior.
752 2468 776 2506 v.
795 2451 859 2522 225)
878 2453 1012 2520 maggiore
1024 2451 1066 2506 del
1079 2469 1146 2506 vero.
1161 2483 1195 2493 -

80 2523 155 2580 sam.
168 2542 192 2579 v.
208 2525 268 2580 rer.
282 2509 413 2578 denatae
432 2525 499 2579 aava
517 2523 585 2593 pass
603 2524 629 2577 er
649 2523 694 2576 n:
708 2522 857 2587 asserione,
876 2522 1000 2591 aseae...
1020 2554 1053 2563 -
1072 2525 1117 2578 nr.
1132 2523 1195 2578 aa·

79 2593 138 2649 trio.
157 2613 180 2649 r.
201 2596 312 2652 Daton.
334 2594 417 2664 tiopr.
437 2625 471 2634 -
489 2595 574 2650 incid.
594 2595 674 2648 Darei
693 2594 720 2648 el
737 2594 831 2663 partic.
850 2593 870 2648 il
889 2594 977 2648 valore
1003 2595 1148 2649 concessivo
1159 2620 1196 2642 =

78 2683 237 2736 quamquam
256 2666 396 2722 institutus
413 2664 473 2730 fuit
495 2695 529 2706 -
547 2665 593 2721 aci
609 2664 738 2720 Sceeolue.
758 2665 817 2720 Non
836 2666 858 2718 si
874 2669 925 2734 pud
937 2664 1054 2720 decidere
1072 2682 1100 2720 se
1117 2666 1157 2720 sia
1174 2666 1195 2719 il

79 2737 178 2792 Scerola
197 2754 268 2794 cons.
287 2738 329 2792 nal
350 2736 401 2792 133
419 2753 432 2792 e
448 2735 572 2806 pontifex
593 2735 628 2805 (r.
643 2735 687 2808 98)
712 2753 726 2790 o
756 2736 1020 2807 l’Aupure(r.102,
1039 2737 1101 2804 212,
1121 2738 1194 2808 306).

79 2837 108 2844 -
126 2808 203 2880 dilig.
215 2833 254 2855 =
266 2807 455 2862 sollecitudine.
473 2839 509 2850 —
524 2808 619 2878 neglig
633 2831 667 2852 =
678 2806 851 2862 indifferentc.
864 2838 898 2848 -
909 2809 1016 2863 tardae.
1028 2833 1066 2854 =
1077 2808 1102 2862 lo
1114 2825 1196 2864 erere

77 2876 140 2933 fatto
158 2884 261 2936 restare
278 2879 400 2934 indietro.
419 2909 454 2920 --
472 2880 506 2934 L.
528 2880 691 2947 Torquatum.
706 2895 729 2932 v.
744 2879 854 2934 Dieion.
868 2879 952 2949 biopr.
971 2909 1006 2919 -
1024 2880 1087 2949 eleg.
1099 2880 1129 2933 e'n
1141 2881 1193 2934 dic.

77 2972 109 2994 =
120 2949 146 3004 di
164 2951 258 3020 parole
282 2950 411 3020 elegante.
439 2981 473 2990 -
501 2950 531 3006 ia
549 2950 712 3013 celatim:
724 2950 767 3004 nel
786 2950 927 3019 giudicare.
946 2967 972 3003 a.
991 2949 1026 3004 92
1044 2951 1196 3005 exemimus·

77 3019 144 3075 tium.
165 3021 218 3090 Qui
242 3021 303 3077 vuol
323 3021 378 3076 dire
397 3021 450 3078 (lie.
469 3021 517 3075 che
534 3021 565 3074 T.
585 3037 630 3075 con
650 3020 749 3090 grande
768 3020 949 3089 penetratione
966 3021 1048 3091 (adm.
1062 3022 1196 3090 prudeus)

76 3107 165 3160 separa
184 3093 331 3148 discernere
358 3093 386 3147 le
413 3092 524 3146 materia
542 3091 584 3147 dcl
603 3108 648 3145 sno
667 3091 787 3146 discorso.
807 3091 836 3146 Si
854 3091 968 3146 riferisce
994 3091 1087 3161 quindi
1108 3092 1195 3146 all’s'n-

77 3164 166 3218 ventio.
185 3194 222 3206 -
241 3168 297 3218 toto
321 3179 382 3234 qen.
398 3166 474 3218 sott.
495 3163 609 3218 dicendi.
629 3193 663 3202 —
677 3162 790 3232 perard.
803 3185 839 3210 ε
850 3162 1038 3230 compitissimo
1065 3163 1095 3216 irs
1120 3165 1196 3217 tutta
1268 3202 1270 3205 -

75 3231 238 3290 l'estensione
257 3234 377 3289 dell’arte
390 3235 490 3305 (actio).
504 3263 539 3274 -
553 3233 602 3288 On.
617 3233 773 3304 Pompeius.
787 3251 811 3288 r.
824 3235 888 3288 Die.
901 3234 986 3302 tiogr.
1005 3233 1090 3286 -ad
1104 3234 1196 3288 omnia

75 3319 182 3360 summa.
203 3324 228 3361 v.
252 3305 311 3362 109.
329 3336 365 3346 -
382 3307 445 3360 moi.
462 3305 566 3376 gloriae
583 3306 672 3374 cupid.
692 3303 803 3360 Rieorda
821 3305 868 3359 che
885 3320 931 3374 per
949 3305 958 3356 i
977 3304 1097 3368 Romani,
1108 3304 1136 3358 di
1152 3322 1196 3359 na·

76 3379 131 3429 tera
150 3377 258 3446 pratici,
277 3376 464 3446 l'agrieoltura‚
484 3376 510 3430 la
529 3376 753 3446 giurisprudenza,
772 3376 850 3430 l’arte
867 3375 984 3430 militare
996 3392 1111 3430 avevano
1124 3393 1196 3446 mag·

75 3446 140 3514 glore
158 3450 328 3518 importenze
346 3447 374 3501 di
393 3451 466 3503 tutte
484 3448 509 3502 le
527 3447 595 3501 altre
614 3448 672 3500 arti.
694 3446 747 3503 ce.
767 3447 800 3500 de
821 3446 907 3515 Orat,
920 3447 941 3511 l,
956 3448 980 3500 7.
993 3477 1028 3488 —-
1040 3454 1144 3502 merce.
1159 3471 1196 3492 =

76 3533 120 3570 non
139 3519 165 3572 lo
182 3535 277 3574 evasse
294 3521 430 3588 struppeto
451 3518 496 3574 all¹
507 3518 648 3588 eloquenza
666 3535 679 3572 e
699 3518 794 3588 spinto.
813 3549 848 3558 -
866 3523 935 3572 orat.
955 3518 1022 3573 salet
1040 3518 1148 3587 amplus
1159 3543 1196 3564 =

75 3587 91 3641 il
109 3605 156 3642 suo
174 3591 240 3645 stile
259 3606 302 3645 era
321 3590 484 3644 abbastanze
502 3591 692 3644 maestoso.·-
711 3606 767 3644 rem
781 3589 866 3658 prud.
884 3589 938 3643 eid.
958 3606 982 3642 r.
1002 3589 1063 3644 227.
1082 3619 1117 3630 -—
1125 3605 1195 3657 prae

74 3659 162 3716 denter
174 3686 211 3710 =
224 3677 273 3715 con
293 3662 482 3731 penetrazione.
501 3691 536 3700 —
553 3676 614 3716 coce
626 3683 661 3706 =
674 3661 824 3730 pronuncia.
843 3690 878 3700 -
896 3659 1029 3728 splendor.
1049 3678 1073 3714 r.
1088 3659 1147 3715 103.
1161 3691 1196 3700 -—

74 3731 165 3800 duait.
178 3755 216 3779 =
229 3731 340 3787 nobiltd.
361 3763 395 3772 -
467 3736 545 3791 240.
564 3732 602 3786 D.
622 3731 740 3786 saunas
760 3749 784 3785 r.
799 3732 863 3785 Die.
882 3732 966 3801 diopr.
985 3763 1020 3772 -
1038 3732 1197 3787 vitricus:

74 3801 207 3874 psdrigno.
223 3820 250 3857 r.
264 3804 328 3858 Die.
348 3803 459 3872 bingae
478 3802 787 3872 Introd.l.-quic1em.
807 3802 918 3856 Traduci
937 3803 976 3856 col
994 3806 1084 3857 nostro
1101 3803 1195 3857 inciso:

78 3873 170 3939 «ebbe,
191 3877 205 3928 d
227 3891 296 3940 vero,
315 3889 377 3944 poco
426 3895 449 3926 ›.
470 3903 505 3914 -
523 3874 638 3929 aeremia.
658 3873 708 3939 Qui
728 3876 742 3927 e
760 3873 786 3927 lo
804 3877 886 3928 stesso
907 3874 955 3928 che
972 3874 1083 3944 ingenii.
1096 3892 1120 3928 v.
1137 3874 1195 3929 165.

74 3973 104 3982 -
123 3951 192 4000 orat.
214 3963 240 3998 v.
262 3943 321 4000 265.
341 3975 376 3985 -
398 3944 429 4014 Q.
443 3945 596 4014 Pompeius.
610 3962 634 3998 v.
649 3945 712 3999 Die.
726 3945 812 4014 tioqr.
831 3976 866 3984 -
884 3945 959 3998 mult.
978 3946 1060 4000 doctr.
1079 3969 1115 3991 =
1126 3944 1196 3998 assai

72 4015 184 4072 istruito.
205 4047 243 4057 —
265 4016 314 4070 lad.
361 4017 476 4072 indaslr.
497 4033 520 4070 v.
539 4015 600 4071 237.
620 4046 655 4056 -
673 4017 715 4070 M.
745 4016 854 4070 Pisone.
873 4033 897 4069 v.
917 4015 970 4069 236
988 4033 1002 4070 e
1021 4017 1084 4070 Die.
1110 4016 1194 4083 bropr.

72 4115 104 4125 -
121 4104 177 4142 nore
196 4088 268 4144 sutis
286 4087 426 4143 commend.
440 4112 476 4134 =
489 4103 538 4142 non
558 4086 646 4142 lacera
665 4086 825 4141 abbastanea
843 4085 972 4141 risaltare.
992 4117 1025 4126 -
1049 4086 1196 4140 orationem
