3042 4692
482 289 654 337 arennoren
676 286 796 337 carrica
1141 272 1201 337 267

79 425 166 494 napis
182 423 239 478 ram
255 423 337 477 etiam
347 422 460 489 sinebat
470 422 592 478 Antonio
609 421 672 493 (abl.
692 421 758 491 dopo
776 421 797 474 il
816 422 948 492 compar),
960 425 985 474 et
996 436 1056 475 eam
1068 420 1200 490 Philippo

79 513 136 565 iam
152 528 214 566 sene
228 527 282 581 pro
300 511 350 566 On.
369 512 405 565 P.
424 511 501 565 bonis
518 511 626 579 dicens,·
643 510 759 564 Piderit:
778 514 803 565 et
820 510 906 579 mapie
923 509 978 563 iam
996 510 1077 563 etiam
1094 509 1200 579 oipebut

79 599 215 668 Antonia·
233 604 259 653 et
276 604 308 654 nt
325 599 457 669 Philippo
473 599 528 653 iam
546 615 607 654 eene
614 615 669 669 pro
684 599 732 654 On.
750 599 787 652 P.
800 598 876 653 bonae
893 598 995 653 dicente
1044 596 1106 665 fnit,
1125 598 1165 652 ita

112 690 129 756 ξ
147 688 209 743 234.
227 703 336 753 canora
355 688 453 742 miram
470 693 603 756 quantam
620 686 724 741 calebat
740 686 772 739 in
790 686 901 755 apendo.
920 685 935 738 I
955 700 1029 739 macr.
1049 701 1112 739 sono
1130 685 1199 739 tutti
1315 719 1317 724 -
1336 678 1337 685 '

78 776 210 831 concordi:
238 792 339 831 canora
365 775 526 830 &mirando
552 776 684 830 irridebat
709 774 880 845 (inridebat):
898 774 1001 829 calebat
1018 773 1141 845 (callebat
1159 772 1199 827 ed.

77 866 143 934 pr.):'
160 863 229 918 onde
246 862 377 918 l'ldllendt
394 864 525 918 concluse:
549 862 646 918 «locus
663 862 840 933 desperatus»
864 861 895 916 ed
907 862 928 916 il
947 860 1050 916 Jahn⁴z
1075 862 1200 917 ‹schwer

77 952 216 1007 verderbte
234 952 324 1008 Worte
336 953 361 1006 3.
380 950 436 1007 che
453 952 474 1007 il
492 952 610 1023 pensiero
628 951 697 1006 dello
715 952 835 1006 scrittore
848 951 886 1006 sla
898 953 1005 1020 questo:
1031 966 1071 1005 «a
1087 950 1200 1004 Lentulo

76 1041 167 1095 facona
185 1039 282 1095 diletto
299 1041 435 1096 l'inoentio
452 1041 510 1112 (nec
517 1040 682 1111 peremne),
696 1039 852 1095 el'eloeatio
866 1041 925 1109 (nec
937 1040 1082 1095 abundans
1093 1038 1199 1109 eadm),

76 1147 121 1183 ma
138 1146 312 1200 compensare
329 1130 417 1200 questi
433 1128 523 1184 diletti
541 1146 589 1184 con
607 1129 723 1184 nn'aetro
735 1129 874 1198 singolara
893 1130 970 1183 tanto
989 1128 1023 1183 da
1041 1144 1146 1199 possano
1160 1126 1200 1181 fra

76 1218 86 1271 i
104 1218 224 1287 migliori
242 1218 363 1272 oratori»
387 1218 519 1288 apparisce
537 1217 640 1272 edullo
667 1220 750 1271 stesso
768 1216 821 1272 Cic.
841 1217 887 1286 piu
905 1219 975 1270 sotto
993 1233 1007 1270 e
1025 1216 1059 1271 da
1078 1215 1199 1283 Quintil,

77 1305 125 1371 XI,
144 1306 171 1373 3,
190 1306 235 1360 8:‘
248 1328 259 1355 ‹
272 1306 321 1361 hac
338 1306 463 1377 (eamne)
482 1305 530 1361 On.
548 1304 692 1360 Lentulum
711 1306 772 1376 plns
790 1305 920 1375 opinionis
938 1308 1106 1360 consecutum
1119 1320 1199 1375 qnam

75 1394 229 1465 eloquentia
246 1394 331 1448 tradit
348 1393 459 1464 (Cicero)
477 1416 503 1448 ».
522 1392 575 1448 Ora
602 1410 629 1448 se
656 1394 818 1449 admirando
835 1394 968 1448 irridebat
985 1397 1035 1464 pub
1054 1392 1201 1463 significare

75 1507 112 1528 =
129 1498 251 1552 ‹sapeva
269 1498 350 1537 essere
368 1482 487 1537 mordere
504 1482 626 1553 lingendo
643 1482 866 1552 ammiratione»,
884 1482 932 1536 cho
943 1482 979 1536 ha
991 1498 1007 1536 a
1019 1480 1066 1535 ohe
1078 1480 1133 1535 fare
1147 1480 1201 1535 tale

75 1572 162 1625 ironia
181 1570 351 1625 ammiratira
368 1587 416 1625 eon
434 1570 547 1626 l'actio?
567 1571 703 1625 Pinttosto
721 1570 744 1625 si
762 1569 890 1625 dorrebbe
908 1569 1009 1624 riferire
1029 1570 1075 1642 all'
1086 1569 1202 1625 incendo

75 1659 126 1713 clre
144 1662 159 1713 b
177 1652 277 1729 negritu
295 1658 329 1713 da
347 1658 401 1715 ure.
420 1675 436 1713 a
454 1659 575 1713 Lentulo.
596 1658 672 1713 Oltro
689 1676 705 1713 a
723 1658 762 1713 cib
780 1675 832 1712 non
851 1658 873 1712 si
891 1658 1044 1728 comprenda
1056 1658 1083 1711 la
1094 1658 1202 1727 ragione

78 1747 123 1802 del
141 1748 259 1803 chiasmo
277 1748 427 1803 sabbatim
444 1749 557 1817 aparda
577 1748 768 1803 Innumereroli
786 1764 848 1801 sono
866 1748 875 1801 i
894 1747 1021 1801 tentativi
1033 1764 1047 1801 o
1059 1746 1098 1817 gli
1119 1763 1202 1801 eman·

76 1836 200 1889 dementi
217 1852 234 1889 a
252 1838 345 1905 questo
362 1835 447 1906 luogo.
467 1835 557 1889 Primo
574 1836 595 1889 il
613 1834 876 1891 Lambino:·canora
888 1835 1049 1889 admirande
1063 1834 1201 1890 irridendo

76 1924 181 1979 latebra
198 1924 230 1977 in
248 1924 359 1993 spendo.
378 1924 424 1978 Ma
442 1924 621 1992 giustamente
646 1924 665 1978 l'
676 1923 788 1978 Ellendt
811 1940 913 1978 osserrs
931 1922 979 1977 che
997 1926 1089 1978 orator
1107 1922 1171 1977 latet
1188 1924 1210 1975 b'

76 2012 240 2083 espressione
266 2010 397 2066 contraria
423 2012 542 2067 all’uso:
559 2015 630 2066 resta
655 2014 698 2083 poi
725 2012 772 2066 che
797 2013 843 2066 con
862 2010 1000 2066 irridendo
1018 2011 1041 2065 si
1059 2010 1146 2066 indica
1164 2026 1200 2065 un

75 2101 168 2172 pregio
187 2100 236 2155 che
253 2102 268 2153 b
286 2103 404 2155 estreneo
422 2100 546 2156 all’actrb.
565 2102 617 2156 Per
634 2100 661 2155 la
679 2102 763 2155 stesso.
780 2100 886 2170 ragione
899 2117 951 2154 non
969 2100 991 2153 si
1010 2103 1061 2169 pub
1073 2101 1202 2155 accettare

75 2189 102 2244 la
117 2191 279 2260 congetture
291 2188 475 2244 dell'llrnesti:
489 2204 589 2244 canora
601 2188 762 2245 admirando
774 2188 914 2244 irridendo
926 2188 1033 2243 ualebat
1043 2187 1073 2243 in
1085 2187 1202 2257 apend03

75 2277 120 2333 del
147 2278 314 2331 Buttmann:
332 2277 493 2332 admirando
510 2278 649 2333 irridendo
676 2278 837 2347 splendebat,
855 2277 959 2332 calebat
976 2275 1006 2331 in
1023 2277 1142 2346 opend03
1159 2276 1202 2330 del

75 2366 242 2420 Billerbeck:
261 2382 363 2420 canora
380 2364 540 2420 admirando
557 2365 696 2420 irridendo
707 2365 821 2420 callebat
831 2366 861 2420 in
873 2382 924 2434 ap,
944 2363 1008 2418 dove
1026 2363 1202 2434 l'espressione

74 2454 176 2509 callere
194 2454 225 2508 in
243 2454 347 2524 spendo
364 2471 415 2507 non
434 2452 585 2509 troverebbe
596 2453 661 2508 altri
678 2452 800 2523 esempii;
818 2455 850 2507 ne
864 2453 906 2507 del
919 2452 1081 2522 Feldhdgel:
1101 2468 1203 2507 canora

74 2542 243 2597 admirando
260 2541 399 2597 irridendo
417 2542 521 2597 calebat
537 2542 568 2597 in
585 2558 627 2612 ap.
650 2541 702 2596 Pit
729 2541 959 2595 arbitrariamente
976 2540 998 2594 il
1015 2540 1104 2611 Meyer
1121 2542 1202 2596 accet-

74 2630 205 2686 eettando
223 2629 244 2683 il
262 2630 375 2684 callebat
392 2630 495 2685 dell’ed.
514 2647 553 2700 pr.
572 2646 691 2700 propose:
711 2645 812 2685 canora
830 2630 974 2685 admodum
992 2628 1139 2695 arridebat,
1152 2630 1202 2685 cal·

75 2718 149 2773 lebat
167 2719 200 2772 in
218 2717 611 2789 ap.1llachesignificatoha
638 2718 684 2788 qui
712 2718 873 2773 arridebat?
891 2718 963 2773 Altri
981 2735 1027 2788 per
1044 2718 1154 2788 togliere
1169 2719 1203 2774 ir·

74 2807 187 2862 ridebat
204 2806 328 2861 ricorsero
345 2822 362 2861 a
379 2809 533 2878 congettnre
551 2822 626 2861 meno
638 2806 761 2861 dilettose
778 2823 821 2861 ma
833 2807 879 2876 pit
897 2806 1042 2861 arbitraria.
1056 2807 1142 2862 Oosle
1159 2806 1202 2860 del

74 2894 196 2950 Schritn:
215 2894 382 2950 admirantes
407 2895 545 2950 irretiebat
570 2900 596 2949 et
618 2896 657 2949 eie
674 2895 778 2949 calebat
795 2896 825 2948 in
843 2910 896 2964 ap..
915 2894 935 2947 il
953 2895 1031 2964 quale
1049 2912 1100 2949 non
1124 2898 1202 2964 pensu

73 2984 124 3038 clre
142 2984 255 3038 irretire
272 2982 378 3037 sarebbe
397 2982 471 3038 detto
488 2982 719 3054 impropriamente
737 2982 765 3037 di
777 3000 814 3037 un
826 3000 885 3037 vero
898 2985 999 3037 oratore
1017 2999 1030 3037 e
1048 2982 1095 3037 che
1110 2982 1146 3037 ha
1158 2996 1203 3053 per

72 3074 191 3142 oggetto
214 3088 261 3124 suo
286 3071 409 3126 naturale
435 3073 581 3139 audientes,
610 3088 661 3125 non
689 3072 862 3126 admirantes.
890 3070 927 3124 Lo
954 3072 1036 3125 stesso
1061 3070 1142 3125 dicasi
1160 3069 1203 3124 del

72 3159 278 3230 Waarderburg
295 3160 342 3215 che
361 3161 436 3231 segni
463 3160 484 3215 il
508 3159 615 3224 Sehtitz,
634 3158 769 3229 togliendo
786 3160 874 3227 etsie,
892 3176 906 3213 e
923 3157 1062 3213 ricadendo
1080 3160 1133 3212 cosi
1151 3158 1203 3212 nel·

72 3247 230 3303 l'asiudeto
248 3264 262 3301 e
280 3248 323 3301 nel
350 3248 464 3303 chlasmo
491 3247 677 3319 iuesplicabili;
695 3266 710 3303 e
731 3248 808 3318 qnasi
826 3248 851 3302 lo
869 3249 951 3302 stesso
979 3247 1022 3301 (111
1049 3246 1135 3301 1111111
1156 3246 1202 3301 che

74 3353 162 3391 avena
192 3337 326 3405 proposto:
345 3336 509 3392 admirantes
534 3337 681 3403 irretiebat,
701 3337 741 3391 ita
758 3335 862 3392 calebat
885 3336 915 3390 in
933 3352 976 3404 ap.
996 3334 1020 3388 Il
1040 3334 1171 3405 Scherlug
1189 3352 1203 3388 e

70 3424 184 3481 l'Orelli
212 3440 258 3479 con
287 3425 409 3496 peggiore
426 3425 548 3480 arbitrio:
567 3441 668 3481 canora
687 3425 851 3480 admirantes
877 3424 1016 3479 irretiebat
1032 3422 1204 3493 capiebatque

71 3514 142 3584 (solo
161 3514 185 3568 il
203 3529 279 3568 mser.
298 3514 360 3568 Par.
378 3530 393 3568 c
410 3514 501 3584 legger
520 3514 691 3585 colebatque).
705 3514 730 3568 Il
742 3509 879 3567 Friedrich
891 3511 971 3583 (Pia,
984 3512 1022 3583 3):
1041 3512 1203 3567 admirando

70 3613 117 3658 bre
138 3601 258 3667 dicebat,
277 3600 381 3656 calebrd
396 3602 427 3655 in
444 3616 487 3673 ap.
496 3620 506 3672 ,-
523 3611 538 3657 ’1
556 3602 581 3656 11
594 3602 705 3671 Stangl:
724 3601 884 3657 admirando
897 3616 942 3656 ore
954 3601 1092 3657 irretiebat
1108 3602 1139 3656 in
1149 3618 1204 3671 apa

69 3708 84 3746 e
102 3691 126 3746 il
146 3688 276 3758 Madvig:
294 3689 333 3744 ad
348 3689 504 3745 mirandam
521 3690 653 3755 addiebat,
672 3690 713 3744 ita
731 3690 834 3745 calebat
851 3690 882 3744 in
899 3706 942 3759 ap.
962 3706 1014 3743 non
1033 3690 1167 3745 evitarono
1179 3689 1204 3743 le

69 3782 159 3835 stesso
180 3777 310 3832 difficolta
328 3777 375 3832 che
393 3778 421 3833 in
439 3781 522 3849 parte,
540 3794 554 3833 e
573 3778 596 3833 si
624 3778 823 3833 allontanarono
847 3778 1056 3849 maggiormente
1081 3778 1153 3833 dalla
1171 3777 1204 3831 le-

69 3868 149 3923 alone
170 3865 215 3922 dei
233 3881 308 3920 mscr.
326 3863 407 3921 Nella
424 3866 522 3921 lenione
541 3865 583 3921 del
601 3865 738 3921 Friedrich
750 3882 764 3921 e
777 3865 844 3921 dello
864 3866 961 3936 Stangl
979 3866 1022 3937 poi
1040 3883 1091 3921 non
1104 3866 1126 3920 si
1139 3881 1203 3921 com·

69 3955 176 4027 prende
196 3954 262 4009 bene
279 3954 441 4011 admirando
454 3971 499 4024 ore
511 3954 577 4026 dopo
588 3970 648 4011 ooee
659 3956 740 4011 aaa
749 3960 775 4011 et
786 3970 895 4012 canora.
908 3954 1052 4011 L'Ellendt
1068 3952 1204 4025 dapprima

68 4060 203 4117 propone:
221 4043 383 4099 admirando
409 4044 550 4101 irridendo
576 4044 686 4112 aanor,
705 4044 736 4100 in
753 4044 857 4116 apendo
874 4049 921 4111 nt;
946 4060 990 4099 ma
1008 4044 1051 4114 poi
1069 4040 1203 4096 riconobbe
