3042 4692
218 942 254 996 96

271 220 311 278 72
653 241 687 281 n.
711 239 814 281 runnu
834 238 994 281 oronaonrs

271 351 337 416 rita
359 354 452 435 atque
474 352 559 416 rictu
581 351 721 416 excultus
745 352 839 434 atque
861 350 1105 434 expolitustum
1128 351 1196 416 eius
1210 350 1337 436 elegans
1351 354 1396 416 est

272 447 416 514 habitum
437 448 584 514 orationis
606 468 711 536 genus.
743 448 920 531 Eodemque
946 449 978 511 in
1008 467 1118 532 genere
1140 449 1189 514 est
1209 447 1339 514 habitus
1359 449 1396 526 ie,

272 547 326 630 qui
348 547 464 612 iniuria
479 548 605 629 accepta
621 547 713 632 fregit
729 546 778 611 Ti.
796 545 972 611 Gracchum
986 544 1148 629 patientia,
1164 546 1242 611 ciris
1255 547 1289 610 iu
1305 548 1397 612 rebus

271 644 398 727 optimis
419 644 686 709 constantissimus
709 644 751 709 M.
769 643 926 709 Octavius.
948 644 993 708 At
1014 663 1084 709 vero
1106 643 1149 708 M.
1166 643 1397 710 Aemilius-Le-

272 741 378 824 pidus,
402 743 456 824 qui
479 744 526 806 est
548 741 679 807 Porcina
703 740 825 820 dictus,
848 741 960 806 iisdem
981 741 1173 824 temporibus
1195 742 1258 807 lere
1281 741 1399 824 quibus
1493 752 1495 761 '

272 837 382 916 Galba,
405 839 458 906 sed
480 825 575 923 paulo
589 839 688 903 minor
707 841 783 903 natu
806 841 839 904 et
858 857 1000 903 summus
1022 841 1124 903 orator
1146 842 1193 904 est
1214 839 1344 904 babitus
1366 844 1398 905 et

272 937 342 1015 fuit,
366 941 402 1002 ut
423 938 550 1020 apparet
577 925 845 1013 exorationibus,
874 936 1005 1019 scriptor
1034 955 1106 1001 sane
1128 937 1235 1002 bonus.
1268 937 1339 1001 Hoc
1365 938 1399 1001 in

272 1036 389 1100 oratore
412 1035 522 1098 Latino
544 1033 678 1116 primum
704 1034 783 1098 mihi
807 1033 930 1098 videtur
951 1036 983 1098 et
1004 1033 1117 1099 levitas
1138 1035 1317 1117 apparuisse
1341 1034 1399 1098 illa

273 1132 460 1198 Graecorum
487 1133 517 1197 et
539 1133 701 1198 verborum
731 1132 961 1214 comprehensio
989 1135 1020 1196 et
1046 1132 1110 1196 iam
1132 1132 1260 1211 artifex,
1288 1135 1326 1197 ut
1354 1133 1399 1197 ita

273 1462 389 1531 repperti
408 1477 454 1515 con
473 1461 513 1530 gli
531 1461 595 1516 altri
601 1483 608 1524 ;
625 1462 712 1543 pictus
740 1461 761 1513 si
790 1460 903 1514 riferisce
921 1459 967 1531 piri
988 1460 1174 1528 specialmente
1193 1461 1245 1514 alle
1262 1461 1398 1545 abitndini

272 1531 1323 1672 tietbclettistete·.¹tritaet?ttt‘tttf·t
1336 1533 1400 1671 ab:

270 1681 311 1730 err
327 1675 388 1728 bob.
400 1699 436 1722 =
447 1675 487 1744 gli
505 1676 582 1728 stessi
600 1675 674 1743 pragi
693 1675 715 1727 si
734 1673 898 1727 riconobbero
916 1673 979 1727 in...
1001 1703 1037 1712 —
1055 1673 1099 1728 Μ.
1125 1672 1260 1729 Octavius.
1284 1691 1309 1726 r.
1333 1674 1398 1728 De.

273 1747 357 1815 br'opr.
377 1776 412 1785 -
430 1745 544 1814 frcpc't..
551 1747 686 1814 poteentia
704 1769 740 1790 =
756 1759 834 1813 seppc
856 1761 904 1798 con
927 1744 954 1797 la
978 1747 1101 1798 cesterna
1123 1745 1259 1798 vincere...
1282 1761 1308 1797 r.
1334 1746 1398 1798 Dia.

272 1819 357 1885 biopr.
390 1817 414 1869 Il
443 1816 519 1870 verbo
547 1816 674 1886 fraenare
700 1816 726 1869 lo
754 1816 843 1869 vedrai
871 1816 973 1870 altrore
997 1815 1081 1884 (109)
1109 1818 1184 1868 usato
1211 1815 1246 1869 da
1273 1813 1400 1869 Cicerone

272 1889 299 1941 in
318 1905 355 1940 un
374 1888 529 1956 particolare
557 1887 705 1955 significato
734 1903 779 1954 per
806 1886 944 1955 esprimere
972 1885 1154 1955 l‘inirangersi
1172 1886 1200 1941 di
1218 1903 1272 1940 una
1291 1889 1399 1957 energia

272 1960 362 2012 contro
381 1958 514 2012 l‘ostacolo
532 1958 604 2026 degli
622 1957 772 2010 arrersarii.
791 1988 826 1996 -
845 1959 875 2010 ia
892 1957 971 2012 rebus
989 1963 1041 2026 opt.
1060 1962 1141 2012 coast.
1155 1957 1250 2010 =clre
1271 1959 1325 2011 mai
1346 1975 1397 2011 non

272 2028 427 2082 abbandonia
445 2029 472 2082 la
490 2027 574 2082 dilesa
592 2028 662 2081 della
680 2027 765 2081 bnona
784 2045 870 2082 caum.
889 2028 980 2081 Anche
997 2029 1044 2097 qui
1062 2031 1076 2081 e
1096 2027 1130 2081 da
1149 2031 1222 2082 tener
1240 2030 1318 2082 conto
1338 2030 1400 2083 l’in-

272 2101 374 2153 fluenaa
392 2098 458 2154 delle
477 2100 593 2168 opinioni
611 2099 735 2166 politiohe
753 2099 801 2152 clre
819 2099 861 2152 nel
881 2098 947 2151 libro
960 2099 1039 2152 fanno
1057 2098 1084 2152 di
1105 2102 1189 2152 tratto
1208 2099 1237 2152 in
1256 2100 1344 2153 tratto
1362 2117 1400 2153 ca·

272 2171 367 2240 polino.
385 2200 421 2210 -
439 2175 470 2224 ct
486 2187 553 2225 vcro.
574 2169 651 2223 Serre
669 2187 685 2223 a
704 2170 837 2238 prevenire
855 2170 1049 2233 nn’obieaione
1068 2169 1096 2223 ui
1114 2170 1157 2223 chi
1176 2169 1302 2239 potrebbe
1320 2171 1400 2226 ricor-

272 2242 334 2296 dare
352 2259 368 2294 a
387 2239 439 2296 Cic.
459 2241 541 2296 anche
559 2241 656 2310 Lepido
676 2245 717 2294 tra
735 2243 775 2309 gli
794 2241 889 2294 oratori
909 2241 987 2310 degni
1001 2240 1028 2294 di
1041 2257 1123 2294 essere
1142 2241 1283 2305 ricordati;
1303 2241 1360 2296 Cic.
1373 2242 1400 2294 lo

229 2311 232 2317 '
271 2317 448 2382 contrappone
466 2313 520 2380 agli
540 2313 603 2366 altri
622 2329 692 2365 corne
710 2313 778 2366 colui
797 2312 844 2365 che
864 2315 957 2379 potera
975 2311 1039 2365 dirsi
1059 2312 1087 2364 in
1104 2312 1160 2365 loro
1178 2311 1314 2366 contronto
1331 2328 1400 2368 mem·

272 2400 330 2438 mus
348 2390 447 2438 orator.
468 2382 529 2438 Cosi
548 2401 593 2437 con
613 2389 643 2436 ct
661 2399 721 2437 vcro
739 2386 752 2436 b
772 2383 912 2436 enunciata
931 2383 1045 2436 l'ultimo
1057 2383 1169 2436 termine
1187 2382 1214 2436 di
1233 2399 1287 2436 una
1305 2384 1399 2452 grada-

272 2455 345 2509 zione
364 2456 431 2520 (aon
449 2455 630 2508 indisertus
642 2454 759 2508 abacos
803 2454 911 2523 clepone
955 2460 985 2507 at
1003 2470 1063 2508 vcro
1075 2470 1195 2508 summas
1207 2459 1301 2508 orator
1314 2479 1351 2500 =
1363 2456 1401 2508 in·

273 2543 340 2580 rece.
359 2557 394 2566 -
413 2526 456 2579 M.
470 2528 545 2579 Aem.
558 2526 624 2592 Lep.
638 2526 720 2579 Porc.
738 2543 761 2578 r.
782 2524 847 2579 Dia.
861 2525 944 2594 biopr.
964 2556 999 2564 -
1012 2525 1091 2593 paul.
1111 2525 1176 2578 min.
1194 2531 1271 2578 natu.
1290 2523 1401 2596 Nacque

272 2597 340 2650 circa
358 2597 379 2649 il
400 2595 458 2650 180.
473 2613 495 2648 v.
509 2597 574 2651 Dr'z.
587 2597 671 2664 biopr.
691 2627 726 2636 -
744 2612 778 2650 ex
796 2601 865 2650 orat.
879 2612 903 2648 v.
918 2596 982 2650 Dir.
996 2597 1080 2662 bispr.
1094 2625 1129 2635 -
1141 2596 1256 2664 scriptor
1273 2612 1340 2650 eune
1358 2597 1400 2651 bo-

272 2685 325 2722 aus
336 2691 373 2712 =
385 2683 456 2720 come
474 2669 595 2720 scrittore
614 2667 709 2720 merita
727 2669 888 2721 conternante
908 2666 975 2720 lode.
994 2665 1060 2720 Vedi
1080 2682 1096 2720 a
1114 2670 1207 2736 questo
1225 2668 1361 2736 proposito
1380 2667 1401 2720 il

273 2739 375 2792 diverso
394 2737 509 2806 giudizio
529 2737 556 2790 di
575 2737 673 2802 Attico,
693 2737 753 2792 295.
771 2737 824 2791 Per
842 2737 966 2792 Cicerone
987 2737 1086 2806 Lepido
1104 2754 1149 2791 era
1166 2736 1187 2790 il
1206 2739 1261 2790 solo
1282 2737 1331 2792 che
1350 2755 1401 2792 me

272 2811 366 2862 ritasse
384 2809 534 2862 veramente
558 2809 579 2861 il
600 2825 676 2862 nomo
697 2809 724 2862 di
746 2812 849 2862 oratore
867 2809 1008 2877 nell¹epoca
1027 2809 1168 2877 posteriore
1185 2825 1202 2862 a
1221 2807 1315 2870 Galba.
1328 2826 1401 2863 come

272 2878 361 2933 Galba
379 2879 407 2932 fu
426 2878 446 2931 il
464 2881 510 2948 pib
529 2879 628 2949 grande
647 2879 688 2933 dei
701 2879 809 2949 giovani
827 2881 1037 2948 contemporanei
1055 2879 1083 2932 di
1095 2879 1202 2934 Catone.
1215 2879 1240 2933 E
1253 2880 1280 2933 la
1294 2881 1402 2950 ragione

272 2954 287 3003 e
305 2950 381 3004 detta
400 2950 487 3004 subito
504 2949 584 3020 dopo:
603 2951 632 3004 in
645 2950 730 3006 Galba
741 2967 786 3004 era
799 2951 918 3004 noterole
931 2951 951 3004 il
964 2951 1048 3004 calore
1060 2950 1285 3020 dell’ispirazione‚
1299 2953 1402 3005 mentre

273 3020 371 3092 Lepido
390 3023 404 3074 t
422 3021 442 3074 il
462 3023 545 3091 primo
563 3021 610 3076 ohe
628 3025 725 3074 mostrb
744 3021 772 3074 di
790 3038 820 3074 sa
838 3038 866 3075 er
885 3022 994 3075 scrirere
1017 3039 1064 3075 con
1092 3026 1149 3075 arte
1168 3021 1192 3075 le
1210 3038 1256 3075 sue
1274 3023 1400 3077 oracioni.

274 3123 308 3132 -
353 3096 409 3149 96.
429 3093 520 3147 levitas
538 3094 592 3146 illc.
612 3091 673 3147 Oosi
691 3093 796 3147 chiama
815 3039 868 3146 gie.
888 3093 976 3162 quella
989 3091 1099 3161 speciale
1111 3090 1172 3146 dote
1190 3091 1260 3146 dello
1278 3095 1402 3147 scrittore

272 3164 320 3217 che
338 3165 484 3218 consistere
496 3165 539 3218 nel
558 3163 705 3217 combinare
723 3163 748 3217 le
767 3163 855 3232 parole
877 3164 904 3216 in
926 3163 1002 3217 modo
1023 3169 1055 3216 ut
1072 3179 1164 3217 mrum
1176 3178 1402 3219 concursuram

273 3249 433 3386 raros
453 3235 903 3374 emarescere
911 3240 1116 3360 merse
1133 3234 1404 3376 {locaras

274 3375 371 3439 erotis,
392 3376 511 3430 torrida.
540 3362 563 3430 E
591 3377 719 3430 insomma
746 3376 766 3429 il
794 3377 923 3430 contrario
950 3376 1157 3444 dell’aspcrrtos
1177 3400 1213 3422 =
1239 3398 1252 3425 ι
1273 3393 1403 3432 secuero

274 3447 345 3500 lezza
358 3467 382 3499 ι.
409 3464 433 3500 ι.
459 3447 616 3516 Appecdioe
642 3449 699 3502 orit.
720 3477 754 3486 --
775 3447 870 3502 Graec.
897 3464 921 3500 v.
943 3447 986 3511 32,
1006 3447 1049 3501 33.
1069 3478 1102 3486 -
1120 3448 1288 3516 apportem
1309 3466 1332 3503 v.
1350 3465 1404 3502 nna

273 3518 360 3570 simile
379 3518 604 3586 personificaaione
623 3519 648 3571 al
669 3535 693 3570 ιι.
714 3517 757 3572 39.
777 3549 811 3557 -
829 3519 900 3572 verb.
919 3533 1017 3586 compr.
1030 3541 1066 3564 =
1078 3518 1099 3571 il
1111 3517 1214 3587 periodo
1235 3517 1301 3572 bene
1320 3520 1404 3574 archi-

274 3591 382 3642 tettato.
410 3619 442 3628 -
470 3589 544 3653 artis.
564 3590 650 3652 stilus,
670 3606 693 3642 v.
713 3589 747 3643 93
760 3606 862 3642 :una
883 3606 968 3658 penna
992 3592 1126 3658 temprata
1152 3589 1204 3643 alle
1228 3589 1326 3644 tinezze
1352 3590 1404 3644 del·

274 3659 360 3712 l'arte.
381 3689 415 3698 m
433 3665 465 3713 rot
482 3661 522 3713 ito
540 3660 590 3713 dic.
610 3659 810 3728 L'espressione
837 3676 909 3713 serre
938 3677 954 3712 a
981 3659 1143 3728 giustificata
1160 3659 1282 3728 l'cpiteto
1300 3661 1405 3727 artifex

274 3729 338 3782 dato
356 3747 372 3782 a
390 3731 476 3792 stilae,
496 3730 543 3782 clre
562 3747 612 3782 non
632 3732 646 3782 e
664 3730 711 3784 obe
729 3730 754 3784 lo
773 3733 929 3794 strumento,
949 3736 1050 3784 mentre
1062 3731 1162 3786 benesi
1179 3730 1286 3786 direbbe
1305 3732 1334 3786 di
1351 3750 1403 3786 mc·

274 3816 335 3854 aas.
357 3800 388 3853 de
404 3800 489 3862 Orat..
511 3799 566 3862 III,
590 3800 655 3854 165:
680 3823 691 3850 α
712 3803 734 3854 si
753 3818 885 3856 venereare
908 3818 941 3854 ne
968 3802 1046 3870 paulo
1070 3802 1159 3856 durior
1182 3802 1326 3857 translatio
1348 3821 1403 3858 esse

275 3871 408 3939 uideatur,
433 3870 574 3924 mollienda
598 3875 639 3926 est
657 3873 804 3941 praeposito
833 3872 923 3937 rerbo;
952 3875 984 3925 nt
1002 3873 1025 3926 si
1043 3873 1105 3926 olim
1124 3872 1160 3926 Μ.
1180 3871 1282 3928 Catone
1300 3879 1403 3929 mortno

281 3941 437 4011 «pupillum
458 3941 586 3997 Senatum
613 3943 673 4013 quis
702 3944 824 3998 relictum
852 3943 956 4009 diceret,
979 3943 1057 4012 paulo
1075 3943 1166 3997 durius
1179 3964 1205 4009 »ι
1223 3944 1265 3999 sin
1289 3968 1302 3995 ι
1315 3950 1347 3999 ut
1364 3946 1403 4000 ita

273 4013 360 4068 dicam
378 4014 534 4084 pupillum»
559 4013 696 4084 aliquanto
725 4015 855 4068 mitius».
875 4015 906 4068 ln
926 4018 1018 4084 questo
1036 4031 1111 4069 senso
1129 4015 1176 4069 che
1194 4033 1256 4085 poco
1275 4016 1403 4072 differisce
