3042 4692
325 305 383 365 144
705 324 740 366 m.
765 322 867 366 nnnnn
888 324 1046 369 cressonis

324 435 465 519 illudque
487 435 669 514 marimum,
692 435 772 518 quod
792 454 864 501 cum
880 436 1073 503 contentione
1088 437 1236 503 oralionis
1250 439 1368 505 flectere
1379 441 1432 505 ani·

324 552 390 599 mos
411 533 551 598 iudicum
574 532 624 598 vir
638 534 741 616 posset
754 551 810 597 nec
832 533 955 599 omnino
970 552 1005 599 eo
1020 554 1130 620 genere
1146 534 1271 616 diceret,
1288 538 1434 602 tractando

324 634 427 697 tamen
449 630 641 715 impellebat,
663 632 701 695 ni
721 628 805 695 idem
827 630 963 695 facerent
985 650 1003 695 a
1024 651 1056 697 se
1078 632 1224 699 commoti
1247 634 1329 717 quod
1343 652 1361 698 a
1376 634 1434 700 Sul-

249 740 305 797 203
323 730 404 813 picio
425 728 581 795 concitati.
604 726 681 793 Fuit
702 728 787 793 enim
810 727 969 811 Sulpicius
991 730 1040 794 vel
1056 730 1189 799 maxime
1205 731 1354 811 omnium,
1369 752 1438 815 qnos

323 827 449 912 quidem
471 845 528 911 ego
550 824 733 904 audiverim,
755 826 883 911 grandis
905 826 945 905 el,
968 828 1005 892 'ut
1026 828 1072 893 ita
1094 827 1206 907 dicam,
1230 830 1367 915 tragicus
1381 850 1437 896 ora·

322 930 379 991 tor.
402 924 467 989 Vox
489 940 562 988 cnm
583 941 697 1008 magna
719 924 789 988 lum
806 924 910 989 suavis
929 926 962 989 ei
974 925 1152 1008 splendida;
1176 928 1283 1011 geslns
1298 928 1330 992 et
1344 930 1439 993 moins

322 1022 456 1106 corporis
476 1022 523 1085 ita
544 1022 702 1099 venusius,
724 1021 762 1085 nl
783 1023 887 1086 lamen
910 1021 950 1086 ad
972 1021 1084 1102 forum,
1107 1024 1166 1089 non
1189 1024 1229 1089 acl
1244 1042 1384 1091 scaenam
1401 1026 1438 1089 in·

323 1119 453 1185 stitutus
474 1117 649 1194 viderelm3
671 1118 801 1184 incitata
823 1121 855 1185 el
870 1119 1016 1186 volubilis
1032 1140 1087 1187 nec
1100 1139 1136 1187 ea
1151 1120 1328 1187 redundans
1343 1122 1437 1189 minen

322 1236 378 1283 nec
399 1216 617 1282 circumfluens
632 1216 739 1282 oratio.
752 1216 898 1281 Crassum
914 1216 966 1282 hic
983 1217 1105 1283 volcbal
1120 1218 1256 1297 imitari,
1280 1218 1371 1287 cotos
1385 1240 1440 1285 me·

218 1337 221 1342 ·
244 1352 248 1361 ι
322 1315 407 1380 lebai
428 1314 614 1379 Antonium:
637 1313 690 1379 sed
711 1314 751 1378 ab
773 1314 830 1379 hoc
852 1314 899 1378 vis
921 1314 1028 1380 aberat
1050 1314 1188 1395 Antonii,
1212 1314 1315 1385 Crassi
1331 1318 1370 1383 ab
1391 1318 1441 1384 illo

322 1413 418 1497 lepos.

322 1632 391 1681 orac.
403 1650 439 1673 =
450 1625 494 1680 nal
511 1641 558 1679 sno
576 1625 644 1679 stile.
665 1655 699 1663 -
717 1625 851 1679 sinceram
864 1648 899 1669 =
912 1624 1041 1679 naturale.
1061 1624 1179 1680 Eritava
1191 1626 1245 1680 eice
1257 1629 1331 1683 tutto
1350 1628 1387 1682 cio
1398 1628 1440 1681 che

322 1696 588 1768 appetisseposticcio
600 1713 614 1749 e
626 1697 758 1751 ricercato.
774 1724 809 1735 -
821 1696 921 1750 ce'ccum
933 1702 1013 1765 atque
1024 1712 1129 1751 acaum.
1141 1695 1252 1752 Osscrva
1264 1714 1336 1752 come
1347 1698 1441 1767 l'alqce

321 1768 470 1839 conginnga
488 1782 585 1823 canum
604 1783 620 1820 a
637 1767 736 1821 siecum
754 1765 782 1819 in
801 1766 876 1819 modo
896 1765 930 1819 da
947 1767 1094 1837 compienne
1106 1766 1126 1821 il
1144 1784 1228 1836 senso,
1246 1768 1338 1837 poiche
1357 1769 1383 1823 la
1399 1770 1440 1824 sic·

321 1842 389 1895 citas
413 1843 464 1909 puo
491 1855 574 1893 essere
601 1837 683 1891 anche
710 1854 746 1891 nn
765 1836 869 1891 dilecto.
888 1824 1017 1892 Fl‘buona
1044 1838 1100 1892 sola
1121 1838 1210 1908 quella
1228 1840 1275 1893 clne
1293 1840 1383 1895 derisa
1401 1840 1440 1893 dal

321 1910 390 1965 bnon
417 1914 504 1979 gusto,
533 1908 580 1963 che
608 1907 708 1977 nigella
735 1908 868 1962 taliceio
886 1911 933 1963 che
951 1911 965 1961 e
983 1908 1088 1963 inutile.
1108 1909 1245 1965 Anchein
1263 1910 1296 1965 de
1313 1917 1368 1980 opt.
1384 1928 1439 1981 pcc.

321 1986 390 2035 orat.
409 1978 462 2034 Cic.
481 1979 585 2034 chiama
602 1979 612 2031 i
631 1979 684 2033 veri
702 1978 814 2032 atticisti
834 1981 898 2033 soni
913 1986 939 2034 et
956 1980 1028 2034 sicci.
1042 1980 1108 2034 Puoi
1127 1980 1219 2051 qaindi
1238 1981 1362 2037 tradorre
1374 1983 1383 2035 i
1396 1982 1441 2035 dne

322 2068 383 2121 agg.
402 2053 467 2104 cosl:
492 2051 605 2104 «niente
623 2049 670 2103 che
696 2066 748 2102 non
775 2048 842 2103 fosse
865 2051 994 2105 conforme
1012 2049 1046 2105 ad
1064 2068 1101 2105 nn
1120 2055 1199 2121 gusto
1217 2068 1305 2107 severo
1319 2074 1344 2107 s.
1363 2084 1399 2093 —
1416 2054 1441 2107 s‘l·

323 2122 422 2191 locique
439 2138 511 2175 maa.
530 2125 593 2175 sott.
612 2125 674 2175 orat
686 2137 747 2174 =e
765 2126 857 2189 questo
875 2139 918 2176 era
931 2122 950 2175 il
963 2120 1108 2191 principale
1119 2138 1167 2177 suo
1179 2122 1276 2193 pregio.
1296 2154 1332 2163 -
1350 2140 1438 2183 cum...

321 2198 414 2265 posset.
434 2192 588 2247 Determina
604 2191 625 2244 il
644 2192 731 2245 valore
748 2190 791 2245 del
809 2208 878 2246 cum.
899 2224 932 2233 -
951 2198 1063 2247 coemat.
1082 2198 1150 2248 oroi.
1164 2218 1201 2239 =
1212 2210 1259 2247 con
1279 2210 1315 2247 nn
1335 2194 1441 2249 discorso

321 2263 511 2335 appossionato.
532 2295 567 2303 -
584 2261 878 2332 oic=difficilrnente
908 2295 942 2305 -
969 2280 1017 2319 cce
1043 2264 1153 2319 omoiao
1182 2280 1213 2319 eo
1237 2281 1298 2333 pen.
1318 2266 1370 2319 dic.
1384 2284 1440 2318 =c

320 2336 423 2405 perosi
441 2338 565 2390 atteneva
583 2332 789 2388 assolutamente
808 2334 841 2388 da
854 2334 894 2388 tal
908 2348 1000 2403 genere
1019 2334 1047 2388 di
1065 2334 1180 2389 discorsi.
1201 2365 1236 2375 -
1255 2338 1399 2391 tractando
1410 2361 1441 2382 =

320 2406 445 2462 toccando
463 2407 484 2459 il
502 2407 556 2460 loro
574 2422 658 2459 cnoro.
678 2422 702 2458 v.
723 2405 783 2459 199.
802 2434 838 2444 -
856 2405 1012 2473 impellebat.
1033 2405 1099 2459 Vedi
1117 2422 1189 2459 come
1204 2406 1369 2476 corrisponde
1382 2408 1440 2461 bene

320 2478 504 2532 atraotacdo.
529 2476 642 2531 Traduoi
666 2476 719 2529 cosi
743 2477 826 2530 tuito:
855 2476 967 2531 riusciva
988 2492 1036 2531 con
1055 2477 1082 2530 la
1099 2478 1272 2531 commonione
1291 2478 1346 2532 allo
1365 2482 1440 2533 stesso

320 2549 411 2603 effetis
438 2548 485 2602 che
513 2548 628 2617 Sulpicio
646 2550 771 2600 otteneva
790 2562 836 2600 con
855 2548 882 2600 la
901 2548 1018 2616 passione
1037 2563 1050 2601 e
1069 2547 1108 2602 col
1138 2551 1270 2615 trasporto
1289 2547 1439 2619 (concitati).

320 2649 355 2657 —
427 2623 506 2677 203.
525 2620 567 2674 oei
582 2619 698 2672 maxim
715 2634 785 2672 cmc.
798 2642 835 2663 =
847 2617 874 2671 di
893 2634 959 2688 gran
972 2617 1063 2687 lunga,
1078 2622 1120 2672 tra
1142 2619 1219 2673 tutti.
1238 2650 1274 2660 -
1292 2620 1441 2688 quidm:

320 2690 432 2743 almeno.
445 2720 481 2729 -
492 2705 547 2757 epo.
567 2690 665 2743 Perche
683 2693 697 2741 e
714 2688 762 2756 qui
780 2704 894 2757 espresso
913 2688 932 2741 il
952 2706 1024 2758 pron.
1044 2690 1135 2758 pers?
1153 2686 1209 2743 Cic.
1227 2706 1310 2744 avena
1330 2690 1363 2746 18
1384 2690 1441 2745 anni

320 2760 425 2829 quando
442 2761 544 2813 Rutilio
562 2762 636 2813 m'orl.
656 2777 680 2812 v.
702 2759 812 2813 Discors.
833 2760 917 2829 biopr.
936 2789 972 2799 -
990 2760 1082 2813 audio.
1100 2760 1199 2814 Perchc
1216 2760 1237 2813 il
1256 2760 1333 2815 modo
1352 2763 1441 2832 cong?

321 2862 354 2870 -
372 2831 494 2901 prandea.
513 2849 538 2885 v.
557 2832 599 2885 29.
619 2860 654 2871 -
672 2836 705 2884 al
722 2830 762 2883 ito
780 2829 876 2885 dicem.
895 2848 920 2884 v.
939 2830 982 2886 96.
1001 2860 1037 2869 -
1056 2831 1184 2900 tropicus.
1204 2830 1270 2885 Tale
1289 2832 1389 2901 epiteto
1407 2832 1440 2903 gli

320 2904 334 2954 e
352 2901 415 2955 dato
433 2903 479 2973 qni
497 2902 714 2972 principalmentc
726 2918 771 2970 per
783 2900 804 2955 il
817 2901 971 2971 linguaggio
990 2901 1057 2955 assai
1076 2900 1229 2971 imaginoso.
1243 2900 1297 2957 cfr.
1311 2904 1345 2957 dc
1360 2903 1441 2969 Orac,

320 2971 370 3036 ΙΙΙ,
390 2972 432 3027 31.
452 3004 486 3014 -
504 2990 605 3043 mayoc
617 2998 653 3019 =
664 2971 780 3026 robusta.
803 3003 837 3011 —
858 2974 950 3028 scocie
962 2997 998 3018 =
1014 2973 1168 3027 armoniosa.
1191 3002 1225 3013 -
1247 2974 1391 3041 splendido
1407 2999 1439 3021 =

319 3044 437 3114 limpida,
457 3044 483 3098 di
502 3044 545 3099 bel
563 3044 680 3098 metallo.
699 3073 735 3084 -
755 3047 848 3111 pestus
871 3048 898 3097 ct
923 3049 1010 3099 molae
1034 3059 1105 3112 corp.
1132 3042 1186 3099 Cfr.
1213 3044 1245 3097 dc
1273 3043 1360 3111 Orac,
1384 3046 1439 3109 132,

320 3113 384 3169 dove
411 3116 497 3185 questi
525 3116 599 3186 pregi
626 3113 723 3169 esterni
742 3113 769 3166 di
799 3114 913 3183 Sulpicio
938 3132 999 3168 sono
1024 3114 1058 3168 da
1084 3113 1177 3168 Crasso
1195 3114 1322 3169 chiamati
1351 3117 1439 3173 aivins

320 3217 354 3225 -
373 3194 546 3241 venusam:
558 3189 633 3256 piene
652 3186 680 3239 di
697 3186 795 3254 grania.
819 3216 851 3225 -
863 3186 904 3239 ito
915 3187 938 3238 ..'.
949 3190 982 3239 at
999 3192 1094 3241 tamea.
1115 3184 1169 3241 Con
1189 3186 1229 3239 ita
1247 3188 1261 3239 e
1280 3186 1400 3241 limitata
1416 3187 1440 3239 la

320 3256 465 3311 ostensione
482 3258 607 3327 dell'agg.
626 3262 760 3312 venustus.
781 3273 804 3310 v.
827 3256 885 3310 148.
905 3255 996 3310 Anche
1013 3257 1042 3310 in
1061 3256 1093 3311 dc
1109 3255 1194 3319 Orac,
1208 3256 1231 3323 Ι,
1255 3256 1306 3311 251
1323 3258 1441 3313 Cicerone

319 3330 422 3382 mentre
439 3328 558 3383 dichiara
576 3330 623 3383 che
641 3328 762 3381 l’oratore
780 3330 831 3397 pao
850 3326 966 3396 imparsr
983 3328 1065 3382 molto
1079 3326 1151 3397 dagli
1165 3327 1256 3393 altori,
1275 3328 1385 3384 afferma
1397 3330 1440 3383 che

319 3398 388 3453 male
406 3399 509 3454 sarebbe
527 3400 570 3454 chi
589 3399 687 3453 volasse
714 3397 757 3452 nel
784 3398 859 3467 gesto
887 3397 1035 3467 riprodurre
1056 3398 1245 3467 precisamente
1264 3398 1342 3453 l'arle
1361 3398 1441 3455 dcll'i·

319 3472 417 3525 strione
427 3496 464 3517 =
475 3488 519 3525 era
537 3472 663 3541 granioso,
685 3486 728 3523 rna
740 3484 790 3521 non
806 3472 865 3537 pere
878 3469 999 3523 teatrale.
1019 3499 1054 3509 -
1072 3470 1213 3523 institutae
1223 3492 1261 3515 =
1272 3469 1393 3525 formato.
1406 3500 1438 3509 —

319 3544 414 3597 oratio.
435 3541 541 3596 Guarda
559 3543 586 3595 al
603 3542 718 3595 chiasmo
736 3544 780 3593 tra
795 3545 889 3609 pestes
907 3557 921 3593 e
939 3541 1035 3595 oratio,
1055 3570 1090 3580 -
1107 3540 1222 3595 cecitate
1234 3564 1271 3585 =
1282 3541 1392 3609 parlava
1404 3559 1440 3595 ra-

319 3612 478 3679 pidamente.
496 3644 532 3652 —
550 3613 679 3668 colabilis.
699 3630 723 3667 v.
760 3640 795 3649 -
808 3626 857 3664 aec
868 3628 900 3664 cc
912 3610 1027 3665 reduced.
1040 3636 1076 3657 =
1088 3610 1241 3665 senz'essore
1252 3614 1314 3681 pero
1327 3612 1441 3681 prolisso.

319 3682 371 3737 Dal
390 3684 423 3736 de
446 3683 531 3751 Orat„
553 3683 589 3746 ΙΙ,
611 3683 646 3737 88
665 3683 688 3736 si
706 3682 793 3736 ricava
812 3681 858 3734 ohe
878 3682 951 3751 Sulp.
974 3684 1049 3735 s'era
1067 3684 1180 3736 correcto
1199 3679 1241 3736 del
1259 3681 1356 3737 diletto
1374 3682 1442 3737 delle

318 3753 461 3825 prolissita.
479 3784 515 3794 —
533 3755 720 3821 circumfluens
731 3776 767 3797 =
781 3752 892 3806 verboso.
911 3753 1018 3823 Dionigi
1037 3753 1080 3823 (de
1103 3753 1192 3819 Dema,
1213 3751 1258 3823 18)
1283 3753 1399 3809 notando
1418 3755 1442 3808 le

319 3824 529 3881 caracteristiche
556 3824 625 3879 dello
652 3824 714 3879 stile
739 3822 766 3876 di
791 3824 906 3877 Isocrate
930 3840 978 3877 usa
996 3824 1023 3877 la
1041 3827 1124 3879 stessa
1149 3824 1318 3894 espressione:
1338 3828 1355 3891 ἡ
1375 3826 1442 3889 λέξις

319 3896 503 4019 lallare?
518 3892 1442 4033 §alemaniaeal⁰lll3l⁰¹l⁰aallll⁰loll

318 4042 401 4090 stesso
419 4034 462 4105 (de
477 4035 561 4098 Orci..
574 4034 612 4101 Il,
625 4034 670 4104 89)
688 4035 788 4089 avendo
800 4034 849 4089 ben
863 4052 994 4105 compress
1006 4037 1033 4091 la
1045 4041 1142 4091 natura
1154 4037 1182 4091 di
1195 4036 1310 4105 Sulpicio
1322 4036 1348 4090 lo
1362 4052 1440 4091 avere

317 4107 474 4176 consiglieto
493 4125 509 4161 a
527 4106 646 4160 formarsi
666 4106 839 4176 sull'escmpio
860 4106 887 4159 di
907 4107 1007 4162 Crasso.
1028 4140 1061 4148 -
1080 4109 1120 4163 vo's
1132 4133 1168 4155 =
1180 4108 1204 4161 il
1219 4109 1317 4177 vigore,
1337 4125 1363 4162 v.
1385 4108 1440 4161 144.
