<?xml version="1.0" encoding="UTF-8"?>
<!DOCTYPE html PUBLIC "-//W3C//DTD XHTML 1.0 Transitional//EN"
    "http://www.w3.org/TR/xhtml1/DTD/xhtml1-transitional.dtd">
<html xmlns="http://www.w3.org/1999/xhtml" xml:lang="en" lang="en">
 <head>
  <title>
</title>
<meta http-equiv="Content-Type" content="text/html;charset=utf-8" />
  <meta name='ocr-system' content='tesseract 3.04.00' />
  <meta name='ocr-capabilities' content='ocr_page ocr_carea ocr_par ocr_line ocrx_word'/>
</head>
<body>
  <div class='ocr_page' id='page_1' title='image "./ilbruto00ercogoog_0412.png"; bbox 0 0 3042 4692; ppageno 0'>
   <div class='ocr_carea' id='block_1_1' title="bbox 319 247 441 331">
    <p class='ocr_par' dir='ltr' id='par_1_1' title="bbox 319 247 441 331">
     <span class='ocr_line' id='line_1_1' title="bbox 319 247 441 331; baseline -0.025 0"><span class='ocrx_word' id='word_1_1' title='bbox 319 270 380 331; x_wconf 72' lang='lat' dir='ltr'><strong><em>ano</em></strong></span> <span class='ocrx_word' id='word_1_2' title='bbox 437 247 441 253; x_wconf 80' lang='grc'>’</span> 
     </span>
    </p>
   </div>
   <div class='ocr_carea' id='block_1_2' title="bbox 356 398 862 1757">
    <p class='ocr_par' dir='ltr' id='par_1_2' title="bbox 356 398 862 1757">
     <span class='ocr_line' id='line_1_2' title="bbox 356 398 860 465; baseline 0 -13"><span class='ocrx_word' id='word_1_3' title='bbox 356 416 405 465; x_wconf 83' lang='grc' dir='ltr'><strong><em>τος</em></strong></span> <span class='ocrx_word' id='word_1_4' title='bbox 432 401 476 453; x_wconf 83' lang='grc' dir='ltr'>καί</span> <span class='ocrx_word' id='word_1_5' title='bbox 502 400 728 465; x_wconf 71' lang='grc' dir='ltr'>ῥωμαλεώτατος</span> <span class='ocrx_word' id='word_1_6' title='bbox 757 398 787 453; x_wconf 76' lang='grc' dir='ltr'><strong><em>ἐν</em></strong></span> <span class='ocrx_word' id='word_1_7' title='bbox 818 402 860 463; x_wconf 79' lang='grc' dir='ltr'><strong><em>τῷ</em></strong></span> 
     </span>
     <span class='ocr_line' id='line_1_3' title="bbox 357 464 861 532; baseline -0.008 -11"><span class='ocrx_word' id='word_1_8' title='bbox 357 470 453 530; x_wconf 83' lang='grc' dir='ltr'>λέγειν.</span> <span class='ocrx_word' id='word_1_9' title='bbox 473 465 568 519; x_wconf 87' lang='lat' dir='ltr'><strong><em>Tacito</em></strong></span> <span class='ocrx_word' id='word_1_10' title='bbox 585 464 687 532; x_wconf 83' lang='lat' dir='ltr'><strong><em>(Orat,</em></strong></span> <span class='ocrx_word' id='word_1_11' title='bbox 706 464 748 531; x_wconf 99' lang='grc'><strong><em>18)</em></strong></span> <span class='ocrx_word' id='word_1_12' title='bbox 770 464 861 517; x_wconf 88' lang='lat' dir='ltr'><strong><em>distin·</em></strong></span> 
     </span>
     <span class='ocr_line' id='line_1_4' title="bbox 356 531 861 672; baseline -0.004 -17"><span class='ocrx_word' id='word_1_13' title='bbox 356 531 861 672; x_wconf 47' lang='lat' dir='ltr'><strong><em>mmmm</em></strong></span> 
     </span>
     <span class='ocr_line' id='line_1_5' title="bbox 357 666 860 732; baseline -0.002 -11"><span class='ocrx_word' id='word_1_14' title='bbox 357 675 462 724; x_wconf 86' lang='lat' dir='ltr'><strong><em>sentate</em></strong></span> <span class='ocrx_word' id='word_1_15' title='bbox 487 669 521 722; x_wconf 86' lang='lat' dir='ltr'><strong><em>da</em></strong></span> <span class='ocrx_word' id='word_1_16' title='bbox 547 668 664 732; x_wconf 87' lang='lat' dir='ltr'><strong><em>Catone,</em></strong></span> <span class='ocrx_word' id='word_1_17' title='bbox 689 666 722 721; x_wconf 89' lang='lat' dir='ltr'><strong><em>C.</em></strong></span> <span class='ocrx_word' id='word_1_18' title='bbox 747 668 860 731; x_wconf 88' lang='lat' dir='ltr'><strong><em>Gracco,</em></strong></span> 
     </span>
     <span class='ocr_line' id='line_1_6' title="bbox 359 735 860 800; baseline -0.004 -9"><span class='ocrx_word' id='word_1_19' title='bbox 359 738 414 794; x_wconf 87' lang='lat' dir='ltr'><strong><em>Lic.</em></strong></span> <span class='ocrx_word' id='word_1_20' title='bbox 441 736 546 800; x_wconf 78' lang='lat' dir='ltr'>Crasso,</span> <span class='ocrx_word' id='word_1_21' title='bbox 571 735 709 791; x_wconf 84' lang='lat' dir='ltr'>Cicerone.</span> <span class='ocrx_word' id='word_1_22' title='bbox 736 736 808 790; x_wconf 86' lang='lat' dir='ltr'><strong><em>Ecco</em></strong></span> <span class='ocrx_word' id='word_1_23' title='bbox 834 735 860 789; x_wconf 90' lang='lat' dir='ltr'><strong><em>le</em></strong></span> 
     </span>
     <span class='ocr_line' id='line_1_7' title="bbox 358 803 860 941; baseline -0.01 -81"><span class='ocrx_word' id='word_1_24' title='bbox 358 804 635 941; x_wconf 45' lang='lat' dir='ltr'><strong><em>pritncipalii)oraniopli</em></strong></span> <span class='ocrx_word' id='word_1_25' title='bbox 643 803 860 926; x_wconf 49' lang='lat' dir='ltr'><strong><em>{lticuiFabpiamo</em></strong></span> 
     </span>
     <span class='ocr_line' id='line_1_8' title="bbox 357 888 860 941; baseline -0.004 -15"><span class='ocrx_word' id='word_1_26' title='bbox 357 890 468 928; x_wconf 83' lang='lat' dir='ltr'><strong><em>noina:</em></strong></span> <span class='ocrx_word' id='word_1_27' title='bbox 549 890 581 926; x_wconf 91' lang='lat' dir='ltr'><strong><em>ro</em></strong></span> <span class='ocrx_word' id='word_1_28' title='bbox 626 889 641 925; x_wconf 88' lang='lat' dir='ltr'><strong><em>e</em></strong></span> <span class='ocrx_word' id='word_1_29' title='bbox 665 888 698 925; x_wconf 81' lang='lat' dir='ltr'><strong><em>io.</em></strong></span> <span class='ocrx_word' id='word_1_30' title='bbox 740 889 757 924; x_wconf 92' lang='lat' dir='ltr'><strong><em>u</em></strong></span> <span class='ocrx_word' id='word_1_31' title='bbox 781 889 860 941; x_wconf 79' lang='lat' dir='ltr'><strong><em>apri·</em></strong></span> 
     </span>
     <span class='ocr_line' id='line_1_9' title="bbox 357 891 860 1010; baseline -0.004 -15"><span class='ocrx_word' id='word_1_32' title='bbox 357 960 410 1010; x_wconf 86' lang='lat' dir='ltr'><strong><em>ma,</em></strong></span> <span class='ocrx_word' id='word_1_33' title='bbox 428 958 471 995; x_wconf 85' lang='lat' dir='ltr'><strong><em>ms</em></strong></span> <span class='ocrx_word' id='word_1_34' title='bbox 489 891 548 994; x_wconf 67' lang='lat' dir='ltr'><strong><em>nonp</em></strong></span> <span class='ocrx_word' id='word_1_35' title='bbox 560 958 590 995; x_wconf 87' lang='lat' dir='ltr'><strong><em>se</em></strong></span> <span class='ocrx_word' id='word_1_36' title='bbox 601 957 635 994; x_wconf 92' lang='lat' dir='ltr'><strong><em>ne</em></strong></span> <span class='ocrx_word' id='word_1_37' title='bbox 648 956 760 995; x_wconf 92' lang='lat' dir='ltr'><strong><em>conosce</em></strong></span> <span class='ocrx_word' id='word_1_38' title='bbox 770 939 860 993; x_wconf 84' lang='lat' dir='ltr'><strong><em>l&#39;anno</em></strong></span> 
     </span>
     <span class='ocr_line' id='line_1_10' title="bbox 356 1008 860 1077; baseline -0.004 -15"><span class='ocrx_word' id='word_1_39' title='bbox 356 1041 388 1049; x_wconf 91' lang='lat'>-</span> <span class='ocrx_word' id='word_1_40' title='bbox 406 1011 433 1076; x_wconf 92' lang='grc'><strong><em>2)</em></strong></span> <span class='ocrx_word' id='word_1_41' title='bbox 452 1018 484 1061; x_wconf 85' lang='lat' dir='ltr'><strong><em>at</em></strong></span> <span class='ocrx_word' id='word_1_42' title='bbox 502 1010 548 1062; x_wconf 74' lang='lat' dir='ltr'><strong><em>len</em></strong></span> <span class='ocrx_word' id='word_1_43' title='bbox 561 1008 682 1077; x_wconf 86' lang='lat' dir='ltr'><strong><em>Papiria</em></strong></span> <span class='ocrx_word' id='word_1_44' title='bbox 694 1009 860 1077; x_wconf 80' lang='lat' dir='ltr'><strong><em>accipiatur,</em></strong></span> 
     </span>
     <span class='ocr_line' id='line_1_11' title="bbox 356 1074 860 1146; baseline -0.002 -16"><span class='ocrx_word' id='word_1_45' title='bbox 356 1096 380 1130; x_wconf 77' lang='lat' dir='ltr'><strong><em>a</em></strong></span> <span class='ocrx_word' id='word_1_46' title='bbox 410 1076 466 1129; x_wconf 85' lang='lat'>131.</span> <span class='ocrx_word' id='word_1_47' title='bbox 494 1094 519 1130; x_wconf 91' lang='lat' dir='ltr'><strong><em>v.</em></strong></span> <span class='ocrx_word' id='word_1_48' title='bbox 547 1075 684 1146; x_wconf 78' lang='lat' dir='ltr'><strong><em>Papirius</em></strong></span> <span class='ocrx_word' id='word_1_49' title='bbox 712 1074 800 1129; x_wconf 82' lang='lat' dir='ltr'><strong><em>Carbo</em></strong></span> <span class='ocrx_word' id='word_1_50' title='bbox 827 1104 860 1114; x_wconf 89' lang='lat'>-</span> 
     </span>
     <span class='ocr_line' id='line_1_12' title="bbox 356 1143 859 1213; baseline -0.004 -16"><span class='ocrx_word' id='word_1_51' title='bbox 356 1147 383 1210; x_wconf 83' lang='grc'><strong><em>3)</em></strong></span> <span class='ocrx_word' id='word_1_52' title='bbox 400 1146 435 1198; x_wconf 90' lang='lat' dir='ltr'><strong><em>de</em></strong></span> <span class='ocrx_word' id='word_1_53' title='bbox 453 1145 515 1212; x_wconf 79' lang='lat' dir='ltr'><strong><em>lepe</em></strong></span> <span class='ocrx_word' id='word_1_54' title='bbox 533 1143 627 1197; x_wconf 87' lang='lat' dir='ltr'><strong><em>Penni</em></strong></span> <span class='ocrx_word' id='word_1_55' title='bbox 647 1154 674 1197; x_wconf 85' lang='lat' dir='ltr'><strong><em>et</em></strong></span> <span class='ocrx_word' id='word_1_56' title='bbox 713 1145 859 1213; x_wconf 70' lang='lat' dir='ltr'><strong><em>ereprinis.</em></strong></span> 
     </span>
     <span class='ocr_line' id='line_1_13' title="bbox 358 1161 861 1282; baseline 0 -17"><span class='ocrx_word' id='word_1_57' title='bbox 358 1231 383 1265; x_wconf 82' lang='lat' dir='ltr'><strong><em>v.</em></strong></span> <span class='ocrx_word' id='word_1_58' title='bbox 401 1212 517 1266; x_wconf 89' lang='lat' dir='ltr'><strong><em>indietro</em></strong></span> <span class='ocrx_word' id='word_1_59' title='bbox 535 1210 562 1264; x_wconf 84' lang='lat' dir='ltr'><strong><em>la</em></strong></span> <span class='ocrx_word' id='word_1_60' title='bbox 580 1212 677 1265; x_wconf 84' lang='lat' dir='ltr'><strong><em>notizia</em></strong></span> <span class='ocrx_word' id='word_1_61' title='bbox 690 1161 776 1282; x_wconf 58' lang='lat' dir='ltr'><strong><em>linga.</em></strong></span> <span class='ocrx_word' id='word_1_62' title='bbox 789 1227 861 1265; x_wconf 88' lang='lat' dir='ltr'><strong><em>anno</em></strong></span> 
     </span>
     <span class='ocr_line' id='line_1_14' title="bbox 359 1280 862 1349; baseline 0.002 -17"><span class='ocrx_word' id='word_1_63' title='bbox 359 1280 408 1333; x_wconf 75' lang='grc'><strong><em>128</em></strong></span> <span class='ocrx_word' id='word_1_64' title='bbox 426 1309 459 1320; x_wconf 94' lang='grc'>-</span> <span class='ocrx_word' id='word_1_65' title='bbox 476 1280 504 1349; x_wconf 83' lang='grc'><strong><em>1)</em></strong></span> <span class='ocrx_word' id='word_1_66' title='bbox 521 1282 599 1349; x_wconf 83' lang='lat' dir='ltr'><strong><em>apud</em></strong></span> <span class='ocrx_word' id='word_1_67' title='bbox 619 1296 745 1333; x_wconf 76' lang='lat' dir='ltr'><strong><em>censores</em></strong></span> <span class='ocrx_word' id='word_1_68' title='bbox 757 1282 787 1331; x_wconf 87' lang='lat' dir='ltr'><strong><em>in</em></strong></span> <span class='ocrx_word' id='word_1_69' title='bbox 801 1296 862 1333; x_wconf 85' lang='lat' dir='ltr'><strong><em>con·</em></strong></span> 
     </span>
     <span class='ocr_line' id='line_1_15' title="bbox 357 1346 862 1418; baseline -0.002 -16"><span class='ocrx_word' id='word_1_70' title='bbox 357 1350 435 1402; x_wconf 85' lang='lat' dir='ltr'><strong><em>cione</em></strong></span> <span class='ocrx_word' id='word_1_71' title='bbox 452 1348 490 1401; x_wconf 80' lang='lat' dir='ltr'><strong><em>ad</em></strong></span> <span class='ocrx_word' id='word_1_72' title='bbox 505 1349 656 1418; x_wconf 83' lang='lat' dir='ltr'><strong><em>populum,</em></strong></span> <span class='ocrx_word' id='word_1_73' title='bbox 682 1365 706 1402; x_wconf 88' lang='lat' dir='ltr'><strong><em>a.</em></strong></span> <span class='ocrx_word' id='word_1_74' title='bbox 725 1346 783 1399; x_wconf 87' lang='grc'>124.</span> <span class='ocrx_word' id='word_1_75' title='bbox 812 1347 862 1401; x_wconf 90' lang='lat' dir='ltr'><strong><em>Vo-</em></strong></span> 
     </span>
     <span class='ocr_line' id='line_1_16' title="bbox 358 1414 861 1486; baseline 0.004 -19"><span class='ocrx_word' id='word_1_76' title='bbox 358 1415 465 1469; x_wconf 87' lang='lat' dir='ltr'><strong><em>lendolo</em></strong></span> <span class='ocrx_word' id='word_1_77' title='bbox 499 1417 538 1486; x_wconf 80' lang='lat' dir='ltr'><strong><em>gli</em></strong></span> <span class='ocrx_word' id='word_1_78' title='bbox 584 1414 731 1470; x_wconf 84' lang='lat' dir='ltr'><strong><em>avversarii</em></strong></span> <span class='ocrx_word' id='word_1_79' title='bbox 770 1422 861 1469; x_wconf 82' lang='lat' dir='ltr'><strong><em>tenere</em></strong></span> 
     </span>
     <span class='ocr_line' id='line_1_17' title="bbox 358 1482 860 1554; baseline -0.002 -19"><span class='ocrx_word' id='word_1_80' title='bbox 358 1485 476 1547; x_wconf 90' lang='lat' dir='ltr'><strong><em>lontano,</em></strong></span> <span class='ocrx_word' id='word_1_81' title='bbox 493 1501 547 1538; x_wconf 93' lang='lat' dir='ltr'><strong><em>non</em></strong></span> <span class='ocrx_word' id='word_1_82' title='bbox 565 1484 603 1554; x_wconf 82' lang='lat' dir='ltr'><strong><em>gli</em></strong></span> <span class='ocrx_word' id='word_1_83' title='bbox 631 1486 660 1537; x_wconf 87' lang='lat' dir='ltr'><strong><em>fu</em></strong></span> <span class='ocrx_word' id='word_1_84' title='bbox 686 1482 815 1536; x_wconf 86' lang='lat' dir='ltr'><strong><em>mandato</em></strong></span> <span class='ocrx_word' id='word_1_85' title='bbox 841 1483 860 1535; x_wconf 93' lang='lat' dir='ltr'><strong><em>il</em></strong></span> 
     </span>
     <span class='ocr_line' id='line_1_18' title="bbox 357 1550 861 1621; baseline -0.002 -17"><span class='ocrx_word' id='word_1_86' title='bbox 357 1568 510 1607; x_wconf 82' lang='lat' dir='ltr'><strong><em>successore</em></strong></span> <span class='ocrx_word' id='word_1_87' title='bbox 527 1552 555 1605; x_wconf 92' lang='lat' dir='ltr'><strong><em>in</em></strong></span> <span class='ocrx_word' id='word_1_88' title='bbox 574 1552 720 1621; x_wconf 76' lang='lat' dir='ltr'><strong><em>Sardegna,</em></strong></span> <span class='ocrx_word' id='word_1_89' title='bbox 744 1550 861 1620; x_wconf 79' lang='lat' dir='ltr'><strong><em>ond&#39;egli</em></strong></span> 
     </span>
     <span class='ocr_line' id='line_1_19' title="bbox 358 1619 862 1674; baseline -0.004 -1"><span class='ocrx_word' id='word_1_90' title='bbox 358 1621 517 1674; x_wconf 85' lang='lat' dir='ltr'><strong><em>abbandond</em></strong></span> <span class='ocrx_word' id='word_1_91' title='bbox 534 1620 560 1673; x_wconf 88' lang='lat' dir='ltr'><strong><em>la</em></strong></span> <span class='ocrx_word' id='word_1_92' title='bbox 578 1619 666 1674; x_wconf 90' lang='lat' dir='ltr'><strong><em>carica</em></strong></span> <span class='ocrx_word' id='word_1_93' title='bbox 692 1636 708 1673; x_wconf 93' lang='lat' dir='ltr'><strong><em>e</em></strong></span> <span class='ocrx_word' id='word_1_94' title='bbox 734 1634 822 1673; x_wconf 90' lang='lat' dir='ltr'><strong><em>venne</em></strong></span> <span class='ocrx_word' id='word_1_95' title='bbox 846 1636 862 1671; x_wconf 90' lang='lat' dir='ltr'><strong><em>a</em></strong></span> 
     </span>
     <span class='ocr_line' id='line_1_20' title="bbox 357 1686 862 1757; baseline -0.004 -16"><span class='ocrx_word' id='word_1_96' title='bbox 357 1688 451 1741; x_wconf 88' lang='lat' dir='ltr'><strong><em>Roma.</em></strong></span> <span class='ocrx_word' id='word_1_97' title='bbox 471 1689 483 1742; x_wconf 94' lang='lat' dir='ltr'><strong><em>l</em></strong></span> <span class='ocrx_word' id='word_1_98' title='bbox 503 1688 607 1742; x_wconf 86' lang='lat' dir='ltr'><strong><em>censori</em></strong></span> <span class='ocrx_word' id='word_1_99' title='bbox 620 1688 645 1741; x_wconf 93' lang='lat' dir='ltr'><strong><em>lo</em></strong></span> <span class='ocrx_word' id='word_1_100' title='bbox 658 1686 790 1757; x_wconf 86' lang='lat' dir='ltr'><strong><em>punirono</em></strong></span> <span class='ocrx_word' id='word_1_101' title='bbox 802 1703 862 1739; x_wconf 87' lang='lat' dir='ltr'><strong><em>can-</em></strong></span> 
     </span>
    </p>
   </div>
   <div class='ocr_carea' id='block_1_3' title="bbox 359 1754 875 1817">
    <p class='ocr_par' dir='ltr' id='par_1_3' title="bbox 359 1754 875 1817">
     <span class='ocr_line' id='line_1_21' title="bbox 359 1754 875 1817; baseline 0.002 -8"><span class='ocrx_word' id='word_1_102' title='bbox 359 1756 508 1810; x_wconf 86' lang='lat' dir='ltr'><strong><em>cellandolo</em></strong></span> <span class='ocrx_word' id='word_1_103' title='bbox 526 1756 570 1809; x_wconf 87' lang='lat' dir='ltr'><strong><em>dal</em></strong></span> <span class='ocrx_word' id='word_1_104' title='bbox 580 1756 655 1809; x_wconf 87' lang='lat' dir='ltr'><strong><em>ruolo</em></strong></span> <span class='ocrx_word' id='word_1_105' title='bbox 668 1755 709 1808; x_wconf 91' lang='lat' dir='ltr'><strong><em>dei</em></strong></span> <span class='ocrx_word' id='word_1_106' title='bbox 723 1754 875 1817; x_wconf 68' lang='lat' dir='ltr'><strong><em>cavalleri„</em></strong></span> 
     </span>
    </p>
   </div>
   <div class='ocr_carea' id='block_1_4' title="bbox 357 1822 864 3842">
    <p class='ocr_par' dir='ltr' id='par_1_4' title="bbox 357 1822 864 3842">
     <span class='ocr_line' id='line_1_22' title="bbox 359 1822 862 1973; baseline -0.006 -28"><span class='ocrx_word' id='word_1_107' title='bbox 359 1822 803 1973; x_wconf 44' lang='lat' dir='ltr'><strong><em>liniilnfflndlfffinlldllvss</em></strong></span> <span class='ocrx_word' id='word_1_108' title='bbox 819 1839 862 1959; x_wconf 54' lang='lat'><strong><em>1⁰23</em></strong></span> 
     </span>
     <span class='ocr_line' id='line_1_23' title="bbox 361 2092 863 2162; baseline 0 -15"><span class='ocrx_word' id='word_1_109' title='bbox 361 2101 468 2147; x_wconf 82' lang='lat' dir='ltr'><strong><em>accitatr</em></strong></span> <span class='ocrx_word' id='word_1_110' title='bbox 486 2111 502 2146; x_wconf 87' lang='lat' dir='ltr'><strong><em>a</em></strong></span> <span class='ocrx_word' id='word_1_111' title='bbox 520 2093 617 2147; x_wconf 81' lang='lat' dir='ltr'><strong><em>rivolta</em></strong></span> <span class='ocrx_word' id='word_1_112' title='bbox 635 2110 644 2145; x_wconf 84' lang='lat'>1</span> <span class='ocrx_word' id='word_1_113' title='bbox 664 2092 817 2162; x_wconf 77' lang='lat' dir='ltr'><strong><em>Fregellani</em></strong></span> <span class='ocrx_word' id='word_1_114' title='bbox 828 2126 863 2133; x_wconf 89' lang='lat'><em>-</em></span> 
     </span>
     <span class='ocr_line' id='line_1_24' title="bbox 360 2162 861 2231; baseline 0.002 -17"><span class='ocrx_word' id='word_1_115' title='bbox 360 2162 388 2230; x_wconf 81' lang='lat' dir='ltr'><strong><em>o)</em></strong></span> <span class='ocrx_word' id='word_1_116' title='bbox 406 2162 441 2215; x_wconf 86' lang='lat' dir='ltr'><strong><em>de</em></strong></span> <span class='ocrx_word' id='word_1_117' title='bbox 458 2162 565 2229; x_wconf 72' lang='lat' dir='ltr'><strong><em>leuibus</em></strong></span> <span class='ocrx_word' id='word_1_118' title='bbox 583 2179 600 2214; x_wconf 93' lang='lat' dir='ltr'><strong><em>a</em></strong></span> <span class='ocrx_word' id='word_1_119' title='bbox 618 2178 646 2215; x_wconf 87' lang='lat' dir='ltr'><strong><em>se</em></strong></span> <span class='ocrx_word' id='word_1_120' title='bbox 661 2163 861 2231; x_wconf 59' lang='lat' dir='ltr'><strong><em>promanans.</em></strong></span> 
     </span>
     <span class='ocr_line' id='line_1_25' title="bbox 361 2229 862 2283; baseline 0.002 -1"><span class='ocrx_word' id='word_1_121' title='bbox 361 2247 385 2282; x_wconf 88' lang='lat' dir='ltr'><strong><em>a.</em></strong></span> <span class='ocrx_word' id='word_1_122' title='bbox 406 2229 462 2283; x_wconf 86' lang='grc'>123.</span> <span class='ocrx_word' id='word_1_123' title='bbox 481 2230 585 2283; x_wconf 91' lang='lat' dir='ltr'><strong><em>Vedine</em></strong></span> <span class='ocrx_word' id='word_1_124' title='bbox 603 2229 654 2283; x_wconf 91' lang='lat' dir='ltr'><strong><em>due</em></strong></span> <span class='ocrx_word' id='word_1_125' title='bbox 667 2230 819 2283; x_wconf 78' lang='lat' dir='ltr'><strong><em>frammenti</em></strong></span> <span class='ocrx_word' id='word_1_126' title='bbox 834 2230 862 2283; x_wconf 90' lang='lat' dir='ltr'><strong><em>in</em></strong></span> 
     </span>
     <span class='ocr_line' id='line_1_26' title="bbox 362 2297 862 2366; baseline 0.002 -15"><span class='ocrx_word' id='word_1_127' title='bbox 362 2297 449 2352; x_wconf 82' lang='lat' dir='ltr'><strong><em>Gellio</em></strong></span> <span class='ocrx_word' id='word_1_128' title='bbox 466 2298 518 2366; x_wconf 91' lang='grc'>(10,</span> <span class='ocrx_word' id='word_1_129' title='bbox 536 2298 564 2366; x_wconf 86' lang='grc'><strong><em>3)</em></strong></span> <span class='ocrx_word' id='word_1_130' title='bbox 586 2328 619 2336; x_wconf 90' lang='lat'><em>-</em></span> <span class='ocrx_word' id='word_1_131' title='bbox 636 2298 664 2366; x_wconf 81' lang='grc'><strong><em>7)</em></strong></span> <span class='ocrx_word' id='word_1_132' title='bbox 690 2302 721 2349; x_wconf 91' lang='lat' dir='ltr'><strong><em>in</em></strong></span> <span class='ocrx_word' id='word_1_133' title='bbox 749 2298 783 2351; x_wconf 88' lang='grc' dir='ltr'><strong><em>Ρ.</em></strong></span> <span class='ocrx_word' id='word_1_134' title='bbox 810 2298 862 2352; x_wconf 81' lang='lat' dir='ltr'><strong><em>Po</em></strong></span> 
     </span>
     <span class='ocr_line' id='line_1_27' title="bbox 357 2366 861 2486; baseline 0.002 -68"><span class='ocrx_word' id='word_1_135' title='bbox 357 2366 475 2435; x_wconf 76' lang='lat' dir='ltr'><strong><em>pilitum</em></strong></span> <span class='ocrx_word' id='word_1_136' title='bbox 498 2366 651 2419; x_wconf 81' lang='lat' dir='ltr'><strong><em>Laenatem</em></strong></span> <span class='ocrx_word' id='word_1_137' title='bbox 671 2382 727 2486; x_wconf 76' lang='lat' dir='ltr'><strong><em>pro</em></strong></span> <span class='ocrx_word' id='word_1_138' title='bbox 753 2368 861 2430; x_wconf 79' lang='lat' dir='ltr'><strong><em>rostris,</em></strong></span> 
     </span>
     <span class='ocr_line' id='line_1_28' title="bbox 359 2433 862 2505; baseline 0 -18"><span class='ocrx_word' id='word_1_139' title='bbox 359 2453 383 2487; x_wconf 87' lang='lat' dir='ltr'><strong><em>a.</em></strong></span> <span class='ocrx_word' id='word_1_140' title='bbox 403 2434 461 2489; x_wconf 83' lang='lat'>123.</span> <span class='ocrx_word' id='word_1_141' title='bbox 480 2433 508 2489; x_wconf 89' lang='lat' dir='ltr'><strong><em>Si</em></strong></span> <span class='ocrx_word' id='word_1_142' title='bbox 526 2434 647 2488; x_wconf 84' lang='lat' dir='ltr'><strong><em>riferisce</em></strong></span> <span class='ocrx_word' id='word_1_143' title='bbox 659 2451 675 2487; x_wconf 90' lang='lat' dir='ltr'><strong><em>a</em></strong></span> <span class='ocrx_word' id='word_1_144' title='bbox 687 2435 710 2486; x_wconf 90' lang='lat' dir='ltr'><strong><em>la</em></strong></span> <span class='ocrx_word' id='word_1_145' title='bbox 724 2434 862 2505; x_wconf 80' lang='lat' dir='ltr'><strong><em>sualegge</em></strong></span> 
     </span>
     <span class='ocr_line' id='line_1_29' title="bbox 360 2501 862 2573; baseline 0.004 -19"><span class='ocrx_word' id='word_1_146' title='bbox 360 2503 386 2555; x_wconf 87' lang='lat' dir='ltr'><strong><em>la</em></strong></span> <span class='ocrx_word' id='word_1_147' title='bbox 402 2502 482 2573; x_wconf 85' lang='lat' dir='ltr'><strong><em>quale</em></strong></span> <span class='ocrx_word' id='word_1_148' title='bbox 494 2502 659 2555; x_wconf 77' lang='lat' dir='ltr'><strong><em>interdicere</em></strong></span> <span class='ocrx_word' id='word_1_149' title='bbox 673 2501 690 2554; x_wconf 94' lang='lat' dir='ltr'><strong><em>il</em></strong></span> <span class='ocrx_word' id='word_1_150' title='bbox 704 2501 862 2571; x_wconf 83' lang='lat' dir='ltr'><strong><em>magistrata</em></strong></span> 
     </span>
     <span class='ocr_line' id='line_1_30' title="bbox 359 2570 863 2624; baseline 0 -1"><span class='ocrx_word' id='word_1_151' title='bbox 359 2570 409 2623; x_wconf 87' lang='lat' dir='ltr'><strong><em>che</em></strong></span> <span class='ocrx_word' id='word_1_152' title='bbox 427 2586 519 2624; x_wconf 86' lang='lat' dir='ltr'><strong><em>avesse</em></strong></span> <span class='ocrx_word' id='word_1_153' title='bbox 537 2570 706 2623; x_wconf 90' lang='lat' dir='ltr'><strong><em>condannato</em></strong></span> <span class='ocrx_word' id='word_1_154' title='bbox 733 2587 749 2623; x_wconf 88' lang='lat' dir='ltr'><strong><em>a</em></strong></span> <span class='ocrx_word' id='word_1_155' title='bbox 776 2578 863 2623; x_wconf 88' lang='lat' dir='ltr'><strong><em>morte</em></strong></span> 
     </span>
     <span class='ocr_line' id='line_1_31' title="bbox 359 2636 862 2708; baseline 0.004 -19"><span class='ocrx_word' id='word_1_156' title='bbox 359 2654 438 2691; x_wconf 85' lang='lat' dir='ltr'><strong><em>senna</em></strong></span> <span class='ocrx_word' id='word_1_157' title='bbox 455 2636 475 2689; x_wconf 96' lang='lat' dir='ltr'><strong><em>il</em></strong></span> <span class='ocrx_word' id='word_1_158' title='bbox 493 2638 599 2691; x_wconf 86' lang='lat' dir='ltr'><strong><em>decreto</em></strong></span> <span class='ocrx_word' id='word_1_159' title='bbox 619 2638 662 2691; x_wconf 90' lang='lat' dir='ltr'><strong><em>del</em></strong></span> <span class='ocrx_word' id='word_1_160' title='bbox 688 2637 793 2708; x_wconf 91' lang='lat' dir='ltr'><strong><em>popolo.</em></strong></span> <span class='ocrx_word' id='word_1_161' title='bbox 821 2638 862 2691; x_wconf 92' lang='lat' dir='ltr'><strong><em>Ne</em></strong></span> 
     </span>
     <span class='ocr_line' id='line_1_32' title="bbox 361 2704 862 2775; baseline 0.008 -20"><span class='ocrx_word' id='word_1_162' title='bbox 361 2706 389 2756; x_wconf 84' lang='lat' dir='ltr'><strong><em>lu</em></strong></span> <span class='ocrx_word' id='word_1_163' title='bbox 407 2704 506 2773; x_wconf 88' lang='lat' dir='ltr'><strong><em>colpito</em></strong></span> <span class='ocrx_word' id='word_1_164' title='bbox 524 2722 572 2774; x_wconf 91' lang='lat' dir='ltr'><strong><em>per</em></strong></span> <span class='ocrx_word' id='word_1_165' title='bbox 594 2704 680 2774; x_wconf 90' lang='lat' dir='ltr'><strong><em>primo</em></strong></span> <span class='ocrx_word' id='word_1_166' title='bbox 706 2705 737 2759; x_wconf 90' lang='lat' dir='ltr'><strong><em>P.</em></strong></span> <span class='ocrx_word' id='word_1_167' title='bbox 756 2706 862 2775; x_wconf 90' lang='lat' dir='ltr'><strong><em>Popilio</em></strong></span> 
     </span>
     <span class='ocr_line' id='line_1_33' title="bbox 362 2772 862 2848; baseline 0 -23"><span class='ocrx_word' id='word_1_168' title='bbox 362 2772 461 2848; x_wconf 45' lang='lat' dir='ltr'><strong><em>[senate</em></strong></span> <span class='ocrx_word' id='word_1_169' title='bbox 480 2772 530 2826; x_wconf 91' lang='lat' dir='ltr'><strong><em>che</em></strong></span> <span class='ocrx_word' id='word_1_170' title='bbox 548 2773 655 2827; x_wconf 85' lang='lat' dir='ltr'><strong><em>dovette</em></strong></span> <span class='ocrx_word' id='word_1_171' title='bbox 672 2772 785 2827; x_wconf 87' lang='lat' dir='ltr'><strong><em>esularo.</em></strong></span> <span class='ocrx_word' id='word_1_172' title='bbox 804 2774 862 2828; x_wconf 83' lang='lat' dir='ltr'><strong><em>Gel-</em></strong></span> 
     </span>
     <span class='ocr_line' id='line_1_34' title="bbox 359 2838 863 2911; baseline 0.008 -20"><span class='ocrx_word' id='word_1_173' title='bbox 359 2842 396 2893; x_wconf 78' lang='lat' dir='ltr'><strong><em>lio</em></strong></span> <span class='ocrx_word' id='word_1_174' title='bbox 414 2839 466 2906; x_wconf 84' lang='grc'>(11,</span> <span class='ocrx_word' id='word_1_175' title='bbox 485 2838 528 2908; x_wconf 89' lang='grc'><strong><em>13)</em></strong></span> <span class='ocrx_word' id='word_1_176' title='bbox 546 2856 579 2894; x_wconf 91' lang='lat' dir='ltr'><strong><em>ne</em></strong></span> <span class='ocrx_word' id='word_1_177' title='bbox 597 2841 651 2894; x_wconf 89' lang='lat' dir='ltr'><strong><em>cita</em></strong></span> <span class='ocrx_word' id='word_1_178' title='bbox 669 2840 792 2896; x_wconf 87' lang='lat' dir='ltr'><strong><em>l&#39;esordio</em></strong></span> <span class='ocrx_word' id='word_1_179' title='bbox 816 2858 863 2911; x_wconf 86' lang='lat' dir='ltr'><strong><em>per</em></strong></span> 
     </span>
     <span class='ocr_line' id='line_1_35' title="bbox 362 2907 863 2979; baseline 0.006 -19"><span class='ocrx_word' id='word_1_180' title='bbox 362 2907 505 2961; x_wconf 84' lang='lat' dir='ltr'><strong><em>l&#39;accurata</em></strong></span> <span class='ocrx_word' id='word_1_181' title='bbox 522 2908 699 2963; x_wconf 73' lang='lat' dir='ltr'><strong><em>collocatione</em></strong></span> <span class='ocrx_word' id='word_1_182' title='bbox 723 2909 793 2963; x_wconf 90' lang='lat' dir='ltr'><strong><em>delle</em></strong></span> <span class='ocrx_word' id='word_1_183' title='bbox 820 2927 863 2979; x_wconf 90' lang='lat' dir='ltr'><strong><em>pa·</em></strong></span> 
     </span>
     <span class='ocr_line' id='line_1_36' title="bbox 360 2976 864 3045; baseline 0.004 -16"><span class='ocrx_word' id='word_1_184' title='bbox 360 2976 416 3031; x_wconf 90' lang='lat' dir='ltr'><strong><em>role</em></strong></span> <span class='ocrx_word' id='word_1_185' title='bbox 432 3006 466 3015; x_wconf 91' lang='lat'><em>-</em></span> <span class='ocrx_word' id='word_1_186' title='bbox 483 2976 511 3045; x_wconf 81' lang='lat'><strong><em>8)</em></strong></span> <span class='ocrx_word' id='word_1_187' title='bbox 529 2979 559 3029; x_wconf 89' lang='lat' dir='ltr'><strong><em>in</em></strong></span> <span class='ocrx_word' id='word_1_188' title='bbox 581 2976 610 3034; x_wconf 87' lang='lat' dir='ltr'><strong><em>Q.</em></strong></span> <span class='ocrx_word' id='word_1_189' title='bbox 634 2978 748 3030; x_wconf 83' lang='lat' dir='ltr'><strong><em>Aeliam</em></strong></span> <span class='ocrx_word' id='word_1_190' title='bbox 781 2978 864 3031; x_wconf 82' lang='lat' dir='ltr'><strong><em>Tube·</em></strong></span> 
     </span>
     <span class='ocr_line' id='line_1_37' title="bbox 361 3044 861 3113; baseline 0 -16"><span class='ocrx_word' id='word_1_191' title='bbox 361 3061 466 3098; x_wconf 87' lang='lat' dir='ltr'><strong><em>ranem.</em></strong></span> <span class='ocrx_word' id='word_1_192' title='bbox 486 3062 510 3099; x_wconf 91' lang='lat' dir='ltr'><strong><em>v.</em></strong></span> <span class='ocrx_word' id='word_1_193' title='bbox 531 3044 604 3099; x_wconf 72' lang='lat' dir='ltr'><strong><em>tlte</em></strong></span> <span class='ocrx_word' id='word_1_194' title='bbox 619 3045 766 3099; x_wconf 79' lang='lat' dir='ltr'><strong><em>Tubero-</em></strong></span> <span class='ocrx_word' id='word_1_195' title='bbox 782 3044 809 3113; x_wconf 89' lang='grc'><strong><em>9)</em></strong></span> <span class='ocrx_word' id='word_1_196' title='bbox 821 3063 861 3100; x_wconf 91' lang='lat' dir='ltr'><strong><em>or.</em></strong></span> 
     </span>
     <span class='ocr_line' id='line_1_38' title="bbox 360 3112 861 3251; baseline 0.004 -17"><span class='ocrx_word' id='word_1_197' title='bbox 360 3112 548 3234; x_wconf 47' lang='grc' dir='ltr'><strong><em>21218θὲ3,</em></strong></span> <span class='ocrx_word' id='word_1_198' title='bbox 559 3114 861 3251; x_wconf 64' lang='lat' dir='ltr'><strong><em>itttldtltttl</em></strong></span> 
     </span>
     <span class='ocr_line' id='line_1_39' title="bbox 360 3222 862 3319; baseline 0.004 -18"><span class='ocrx_word' id='word_1_199' title='bbox 360 3250 389 3301; x_wconf 87' lang='lat' dir='ltr'><strong><em>fu</em></strong></span> <span class='ocrx_word' id='word_1_200' title='bbox 409 3250 478 3303; x_wconf 86' lang='lat' dir='ltr'><strong><em>torae</em></strong></span> <span class='ocrx_word' id='word_1_201' title='bbox 496 3248 600 3317; x_wconf 85' lang='lat' dir='ltr'><strong><em>collega</em></strong></span> <span class='ocrx_word' id='word_1_202' title='bbox 618 3248 644 3301; x_wconf 94' lang='lat' dir='ltr'><strong><em>di</em></strong></span> <span class='ocrx_word' id='word_1_203' title='bbox 669 3222 743 3311; x_wconf 68' lang='lat' dir='ltr'><strong><em>Caio,</em></strong></span> <span class='ocrx_word' id='word_1_204' title='bbox 770 3266 862 3319; x_wconf 89' lang='lat' dir='ltr'><strong><em>propo·</em></strong></span> 
     </span>
     <span class='ocr_line' id='line_1_40' title="bbox 360 3315 862 3371; baseline 0.004 -2"><span class='ocrx_word' id='word_1_205' title='bbox 360 3333 436 3370; x_wconf 89' lang='lat' dir='ltr'><strong><em>nesse</em></strong></span> <span class='ocrx_word' id='word_1_206' title='bbox 454 3315 505 3371; x_wconf 91' lang='lat' dir='ltr'><strong><em>che</em></strong></span> <span class='ocrx_word' id='word_1_207' title='bbox 523 3316 669 3370; x_wconf 91' lang='lat' dir='ltr'><strong><em>Nicomede</em></strong></span> <span class='ocrx_word' id='word_1_208' title='bbox 686 3334 700 3371; x_wconf 93' lang='lat' dir='ltr'><strong><em>e</em></strong></span> <span class='ocrx_word' id='word_1_209' title='bbox 724 3316 862 3371; x_wconf 83' lang='lat' dir='ltr'><strong><em>Mitridate</em></strong></span> 
     </span>
     <span class='ocr_line' id='line_1_41' title="bbox 360 3384 860 3454; baseline 0 -17"><span class='ocrx_word' id='word_1_210' title='bbox 360 3384 538 3439; x_wconf 86' lang='lat' dir='ltr'><strong><em>restituissero</em></strong></span> <span class='ocrx_word' id='word_1_211' title='bbox 555 3384 582 3437; x_wconf 90' lang='lat' dir='ltr'><strong><em>la</em></strong></span> <span class='ocrx_word' id='word_1_212' title='bbox 608 3384 778 3454; x_wconf 84' lang='lat' dir='ltr'><strong><em>Cappadocia</em></strong></span> <span class='ocrx_word' id='word_1_213' title='bbox 805 3385 860 3454; x_wconf 83' lang='lat' dir='ltr'><strong><em>agli</em></strong></span> 
     </span>
     <span class='ocr_line' id='line_1_42' title="bbox 358 3452 861 3507; baseline 0 0"><span class='ocrx_word' id='word_1_214' title='bbox 358 3454 432 3507; x_wconf 82' lang='lat' dir='ltr'><strong><em>aredi</em></strong></span> <span class='ocrx_word' id='word_1_215' title='bbox 458 3453 484 3505; x_wconf 94' lang='lat' dir='ltr'><strong><em>di</em></strong></span> <span class='ocrx_word' id='word_1_216' title='bbox 512 3452 637 3507; x_wconf 86' lang='lat' dir='ltr'><strong><em>Ariarnte</em></strong></span> <span class='ocrx_word' id='word_1_217' title='bbox 667 3454 765 3507; x_wconf 85' lang='lat' dir='ltr'><strong><em>occiso.</em></strong></span> <span class='ocrx_word' id='word_1_218' title='bbox 795 3452 861 3507; x_wconf 84' lang='lat' dir='ltr'><strong><em>Caio</em></strong></span> 
     </span>
     <span class='ocr_line' id='line_1_43' title="bbox 359 3520 861 3599; baseline 0.006 -26"><span class='ocrx_word' id='word_1_219' title='bbox 359 3521 493 3575; x_wconf 75' lang='lat' dir='ltr'><strong><em>combatte</em></strong></span> <span class='ocrx_word' id='word_1_220' title='bbox 520 3521 546 3573; x_wconf 92' lang='lat' dir='ltr'><strong><em>la</em></strong></span> <span class='ocrx_word' id='word_1_221' title='bbox 573 3527 697 3599; x_wconf 83' lang='lat' dir='ltr'><strong><em>proposta</em></strong></span> <span class='ocrx_word' id='word_1_222' title='bbox 723 3520 861 3576; x_wconf 81' lang='lat' dir='ltr'><strong><em>nell&#39;inte·</em></strong></span> 
     </span>
     <span class='ocr_line' id='line_1_44' title="bbox 360 3587 861 3710; baseline -0.004 -67"><span class='ocrx_word' id='word_1_223' title='bbox 360 3605 431 3708; x_wconf 48' lang='lat' dir='ltr'><strong><em>pessa</em></strong></span> <span class='ocrx_word' id='word_1_224' title='bbox 449 3587 607 3709; x_wconf 48' lang='lat' dir='ltr'><strong><em>delgararn&amp;</em></strong></span> <span class='ocrx_word' id='word_1_225' title='bbox 624 3587 738 3710; x_wconf 52' lang='lat' dir='ltr'><strong><em>lledhill</em></strong></span> <span class='ocrx_word' id='word_1_226' title='bbox 755 3605 803 3709; x_wconf 62' lang='lat' dir='ltr'><strong><em>opo</em></strong></span> <span class='ocrx_word' id='word_1_227' title='bbox 818 3588 861 3643; x_wconf 91' lang='lat' dir='ltr'><strong><em>bel</em></strong></span> 
     </span>
     <span class='ocr_line' id='line_1_45' title="bbox 362 3660 861 3842; baseline 0 -65"><span class='ocrx_word' id='word_1_228' title='bbox 362 3672 491 3793; x_wconf 45' lang='lat' dir='ltr'><strong><em>llllmffid]</em></strong></span> <span class='ocrx_word' id='word_1_229' title='bbox 511 3674 570 3842; x_wconf 46' lang='lat' dir='ltr'><strong><em>lege</em></strong></span> <span class='ocrx_word' id='word_1_230' title='bbox 596 3660 861 3794; x_wconf 48' lang='lat' dir='ltr'><strong><em>szaoslaniennirn</em></strong></span> 
     </span>
    </p>
   </div>
   <div class='ocr_carea' id='block_1_5' title="bbox 262 3791 862 3862">
    <p class='ocr_par' dir='ltr' id='par_1_5' title="bbox 262 3791 862 3862">
     <span class='ocr_line' id='line_1_46' title="bbox 262 3791 862 3862; baseline 0.002 -18"><span class='ocrx_word' id='word_1_231' title='bbox 262 3825 267 3833; x_wconf 81' lang='lat'><em>-</em></span> <span class='ocrx_word' id='word_1_232' title='bbox 359 3794 422 3845; x_wconf 85' lang='lat' dir='ltr'><strong><em>ada.</em></strong></span> <span class='ocrx_word' id='word_1_233' title='bbox 440 3792 473 3844; x_wconf 93' lang='lat' dir='ltr'><strong><em>L.</em></strong></span> <span class='ocrx_word' id='word_1_234' title='bbox 499 3791 535 3845; x_wconf 79' lang='lat' dir='ltr'><strong><em>Ca</em></strong></span> <span class='ocrx_word' id='word_1_235' title='bbox 544 3809 574 3860; x_wconf 87' lang='lat' dir='ltr'><strong><em>p.</em></strong></span> <span class='ocrx_word' id='word_1_236' title='bbox 602 3792 733 3847; x_wconf 84' lang='lat' dir='ltr'><strong><em>Pisonem</em></strong></span> <span class='ocrx_word' id='word_1_237' title='bbox 761 3794 862 3862; x_wconf 62' lang='lat' dir='ltr'><strong><em>diupi,</em></strong></span> 
     </span>
    </p>
   </div>
   <div class='ocr_carea' id='block_1_6' title="bbox 359 3859 861 3931">
    <p class='ocr_par' dir='ltr' id='par_1_6' title="bbox 359 3859 861 3931">
     <span class='ocr_line' id='line_1_47' title="bbox 359 3859 861 3931; baseline 0 -18"><span class='ocrx_word' id='word_1_238' title='bbox 359 3879 383 3913; x_wconf 88' lang='lat' dir='ltr'><strong><em>a.</em></strong></span> <span class='ocrx_word' id='word_1_239' title='bbox 404 3859 453 3913; x_wconf 86' lang='grc'><strong><em>123</em></strong></span> <span class='ocrx_word' id='word_1_240' title='bbox 474 3888 505 3901; x_wconf 91' lang='lat'>-</span> <span class='ocrx_word' id='word_1_241' title='bbox 533 3859 576 3925; x_wconf 89' lang='grc'><strong><em>11)</em></strong></span> <span class='ocrx_word' id='word_1_242' title='bbox 594 3861 628 3915; x_wconf 88' lang='lat' dir='ltr'><strong><em>de</em></strong></span> <span class='ocrx_word' id='word_1_243' title='bbox 647 3861 705 3931; x_wconf 65' lang='lat' dir='ltr'><strong><em>leffe</em></strong></span> <span class='ocrx_word' id='word_1_244' title='bbox 724 3861 861 3925; x_wconf 84' lang='lat' dir='ltr'><strong><em>Minucia,</em></strong></span> 
     </span>
    </p>
   </div>
   <div class='ocr_carea' id='block_1_7' title="bbox 663 286 1103 329">
    <p class='ocr_par' dir='ltr' id='par_1_7' title="bbox 663 286 1103 329">
     <span class='ocr_line' id='line_1_48' title="bbox 663 286 1103 329; baseline -0.007 0"><span class='ocrx_word' id='word_1_245' title='bbox 663 286 900 329; x_wconf 77' lang='lat' dir='ltr'><strong><em>nrztounntnrro</em></strong></span> <span class='ocrx_word' id='word_1_246' title='bbox 922 286 1103 327; x_wconf 72' lang='lat' dir='ltr'><strong><em>Bronnnrrco</em></strong></span> 
     </span>
    </p>
   </div>
   <div class='ocr_carea' id='block_1_8' title="bbox 947 392 1454 473">
    <p class='ocr_par' dir='ltr' id='par_1_8' title="bbox 947 392 1454 473">
     <span class='ocr_line' id='line_1_49' title="bbox 947 392 1454 473; baseline -0.01 -24"><span class='ocrx_word' id='word_1_247' title='bbox 947 395 1050 473; x_wconf 82' lang='lat' dir='ltr'><strong><em>sempio</em></strong></span> <span class='ocrx_word' id='word_1_248' title='bbox 1069 395 1154 449; x_wconf 85' lang='lat' dir='ltr'><strong><em>ecooti</em></strong></span> <span class='ocrx_word' id='word_1_249' title='bbox 1172 394 1193 447; x_wconf 94' lang='lat' dir='ltr'><strong><em>il</em></strong></span> <span class='ocrx_word' id='word_1_250' title='bbox 1220 394 1391 447; x_wconf 83' lang='lat' dir='ltr'><strong><em>frammento</em></strong></span> <span class='ocrx_word' id='word_1_251' title='bbox 1409 392 1454 445; x_wconf 81' lang='lat' dir='ltr'><strong><em>del·</em></strong></span> 
     </span>
    </p>
   </div>
   <div class='ocr_carea' id='block_1_9' title="bbox 934 461 1451 531">
    <p class='ocr_par' dir='ltr' id='par_1_9' title="bbox 934 461 1451 531">
     <span class='ocr_line' id='line_1_50' title="bbox 934 461 1451 531; baseline -0.01 -14"><span class='ocrx_word' id='word_1_252' title='bbox 934 464 1093 526; x_wconf 67' lang='lat' dir='ltr'><strong><em>‚l&#39;orazrone</em></strong></span> <span class='ocrx_word' id='word_1_253' title='bbox 1105 469 1200 517; x_wconf 86' lang='lat' dir='ltr'><strong><em>contro</em></strong></span> <span class='ocrx_word' id='word_1_254' title='bbox 1212 463 1239 515; x_wconf 88' lang='lat' dir='ltr'><strong><em>la</em></strong></span> <span class='ocrx_word' id='word_1_255' title='bbox 1259 462 1343 531; x_wconf 80' lang='lat' dir='ltr'><strong><em>legge</em></strong></span> <span class='ocrx_word' id='word_1_256' title='bbox 1363 461 1451 515; x_wconf 80' lang='lat' dir='ltr'><strong><em>Anteia</em></strong></span> 
     </span>
    </p>
   </div>
   <div class='ocr_carea' id='block_1_10' title="bbox 946 529 1458 3455">
    <p class='ocr_par' dir='ltr' id='par_1_10' title="bbox 946 529 1458 3455">
     <span class='ocr_line' id='line_1_51' title="bbox 947 529 1453 601; baseline -0.01 -16"><span class='ocrx_word' id='word_1_257' title='bbox 947 530 1055 601; x_wconf 82' lang='lat' dir='ltr'><strong><em>(Gellio.</em></strong></span> <span class='ocrx_word' id='word_1_258' title='bbox 1075 532 1115 591; x_wconf 88' lang='grc'><strong><em>11,</em></strong></span> <span class='ocrx_word' id='word_1_259' title='bbox 1135 530 1192 599; x_wconf 77' lang='grc'>10);</span> <span class='ocrx_word' id='word_1_260' title='bbox 1206 530 1305 583; x_wconf 85' lang='lat' dir='ltr'><strong><em>‹Nam</em></strong></span> <span class='ocrx_word' id='word_1_261' title='bbox 1326 546 1384 592; x_wconf 85' lang='lat' dir='ltr'><strong><em>vos,</em></strong></span> <span class='ocrx_word' id='word_1_262' title='bbox 1401 529 1453 592; x_wconf 87' lang='lat' dir='ltr'><strong><em>Qui·</em></strong></span> 
     </span>
     <span class='ocr_line' id='line_1_52' title="bbox 947 596 1452 668; baseline -0.008 -15"><span class='ocrx_word' id='word_1_263' title='bbox 947 602 1020 661; x_wconf 75' lang='lat' dir='ltr'><strong><em>ritas,</em></strong></span> <span class='ocrx_word' id='word_1_264' title='bbox 1043 599 1064 652; x_wconf 88' lang='lat' dir='ltr'><strong><em>si</em></strong></span> <span class='ocrx_word' id='word_1_265' title='bbox 1092 598 1182 653; x_wconf 88' lang='lat' dir='ltr'><strong><em>velitis</em></strong></span> <span class='ocrx_word' id='word_1_266' title='bbox 1212 596 1352 668; x_wconf 83' lang='lat' dir='ltr'><strong><em>sapientia</em></strong></span> <span class='ocrx_word' id='word_1_267' title='bbox 1379 605 1452 666; x_wconf 84' lang='lat' dir='ltr'><strong><em>atque</em></strong></span> 
     </span>
     <span class='ocr_line' id='line_1_53' title="bbox 946 665 1453 736; baseline -0.008 -15"><span class='ocrx_word' id='word_1_268' title='bbox 946 668 1047 721; x_wconf 89' lang='lat' dir='ltr'><strong><em>virtute</em></strong></span> <span class='ocrx_word' id='word_1_269' title='bbox 1066 667 1105 719; x_wconf 91' lang='lat' dir='ltr'><strong><em>uti</em></strong></span> <span class='ocrx_word' id='word_1_270' title='bbox 1132 673 1160 719; x_wconf 92' lang='lat' dir='ltr'><strong><em>et</em></strong></span> <span class='ocrx_word' id='word_1_271' title='bbox 1192 667 1216 719; x_wconf 87' lang='lat' dir='ltr'><strong><em>si</em></strong></span> <span class='ocrx_word' id='word_1_272' title='bbox 1242 665 1389 736; x_wconf 70' lang='lat' dir='ltr'><strong><em>quaeritis</em></strong></span> <span class='ocrx_word' id='word_1_273' title='bbox 1415 681 1453 718; x_wconf 84' lang='lat' dir='ltr'><strong><em>ne</em></strong></span> 
     </span>
     <span class='ocr_line' id='line_1_54' title="bbox 946 732 1452 790; baseline -0.006 -2"><span class='ocrx_word' id='word_1_274' title='bbox 946 736 1048 790; x_wconf 88' lang='lat' dir='ltr'><strong><em>minem</em></strong></span> <span class='ocrx_word' id='word_1_275' title='bbox 1075 742 1196 789; x_wconf 89' lang='lat' dir='ltr'><strong><em>nostrum</em></strong></span> <span class='ocrx_word' id='word_1_276' title='bbox 1223 734 1377 787; x_wconf 88' lang='lat' dir='ltr'><strong><em>invenietis</em></strong></span> <span class='ocrx_word' id='word_1_277' title='bbox 1402 732 1452 785; x_wconf 90' lang='lat' dir='ltr'><strong><em>sine</em></strong></span> 
     </span>
     <span class='ocr_line' id='line_1_55' title="bbox 946 802 1453 874; baseline -0.014 -16"><span class='ocrx_word' id='word_1_278' title='bbox 946 804 1032 874; x_wconf 81' lang='lat' dir='ltr'><strong><em>pretio</em></strong></span> <span class='ocrx_word' id='word_1_279' title='bbox 1057 804 1111 856; x_wconf 90' lang='lat' dir='ltr'><strong><em>huc</em></strong></span> <span class='ocrx_word' id='word_1_280' title='bbox 1138 802 1253 873; x_wconf 89' lang='lat' dir='ltr'><strong><em>prodire.</em></strong></span> <span class='ocrx_word' id='word_1_281' title='bbox 1282 802 1387 855; x_wconf 89' lang='lat' dir='ltr'><strong><em>Omnes</em></strong></span> <span class='ocrx_word' id='word_1_282' title='bbox 1412 817 1453 853; x_wconf 85' lang='lat' dir='ltr'><strong><em>nos</em></strong></span> 
     </span>
     <span class='ocr_line' id='line_1_56' title="bbox 947 868 1454 941; baseline -0.01 -16"><span class='ocrx_word' id='word_1_283' title='bbox 947 872 993 941; x_wconf 88' lang='lat' dir='ltr'><strong><em>qui</em></strong></span> <span class='ocrx_word' id='word_1_284' title='bbox 1012 872 1094 925; x_wconf 88' lang='lat' dir='ltr'><strong><em>verba</em></strong></span> <span class='ocrx_word' id='word_1_285' title='bbox 1112 870 1236 934; x_wconf 85' lang='lat' dir='ltr'><strong><em>tacimus,</em></strong></span> <span class='ocrx_word' id='word_1_286' title='bbox 1261 870 1370 940; x_wconf 88' lang='lat' dir='ltr'><strong><em>aliquid</em></strong></span> <span class='ocrx_word' id='word_1_287' title='bbox 1394 868 1454 939; x_wconf 88' lang='lat' dir='ltr'><strong><em>peti·</em></strong></span> 
     </span>
     <span class='ocr_line' id='line_1_57' title="bbox 946 936 1453 1009; baseline -0.008 -18"><span class='ocrx_word' id='word_1_288' title='bbox 946 956 1014 999; x_wconf 75' lang='lat' dir='ltr'><strong><em>inus.</em></strong></span> <span class='ocrx_word' id='word_1_289' title='bbox 1033 955 1121 1009; x_wconf 81' lang='lat' dir='ltr'><strong><em>neque</em></strong></span> <span class='ocrx_word' id='word_1_290' title='bbox 1139 938 1222 991; x_wconf 91' lang='lat' dir='ltr'><strong><em>ullius</em></strong></span> <span class='ocrx_word' id='word_1_291' title='bbox 1240 938 1282 992; x_wconf 86' lang='lat' dir='ltr'><strong><em>rei</em></strong></span> <span class='ocrx_word' id='word_1_292' title='bbox 1295 954 1382 991; x_wconf 86' lang='lat' dir='ltr'><strong><em>causa</em></strong></span> <span class='ocrx_word' id='word_1_293' title='bbox 1393 936 1453 1007; x_wconf 79' lang='lat' dir='ltr'><strong><em>qnia</em></strong></span> 
     </span>
     <span class='ocr_line' id='line_1_58' title="bbox 947 1004 1453 1077; baseline -0.008 -17"><span class='ocrx_word' id='word_1_294' title='bbox 947 1024 1027 1077; x_wconf 90' lang='lat' dir='ltr'><strong><em>quam</em></strong></span> <span class='ocrx_word' id='word_1_295' title='bbox 1046 1008 1145 1061; x_wconf 86' lang='lat' dir='ltr'><strong><em>advos</em></strong></span> <span class='ocrx_word' id='word_1_296' title='bbox 1181 1006 1261 1068; x_wconf 89' lang='lat' dir='ltr'><strong><em>rodit,</em></strong></span> <span class='ocrx_word' id='word_1_297' title='bbox 1281 1004 1337 1058; x_wconf 90' lang='lat' dir='ltr'><strong><em>nisi</em></strong></span> <span class='ocrx_word' id='word_1_298' title='bbox 1360 1013 1390 1058; x_wconf 89' lang='lat' dir='ltr'><strong><em>ut</em></strong></span> <span class='ocrx_word' id='word_1_299' title='bbox 1414 1004 1453 1057; x_wconf 88' lang='lat' dir='ltr'><strong><em>ali·</em></strong></span> 
     </span>
     <span class='ocr_line' id='line_1_59' title="bbox 948 1024 1455 1145; baseline -0.008 -18"><span class='ocrx_word' id='word_1_300' title='bbox 948 1075 1011 1145; x_wconf 92' lang='lat' dir='ltr'><strong><em>quid</em></strong></span> <span class='ocrx_word' id='word_1_301' title='bbox 1030 1075 1144 1129; x_wconf 82' lang='lat' dir='ltr'><strong><em>auferat.</em></strong></span> <span class='ocrx_word' id='word_1_302' title='bbox 1163 1024 1223 1143; x_wconf 52' lang='lat' dir='ltr'><strong><em>iga</em></strong></span> <span class='ocrx_word' id='word_1_303' title='bbox 1240 1074 1311 1143; x_wconf 86' lang='lat' dir='ltr'><strong><em>ipse,</em></strong></span> <span class='ocrx_word' id='word_1_304' title='bbox 1330 1074 1378 1143; x_wconf 91' lang='lat' dir='ltr'><strong><em>qui</em></strong></span> <span class='ocrx_word' id='word_1_305' title='bbox 1391 1072 1455 1142; x_wconf 86' lang='lat' dir='ltr'><strong><em>apud</em></strong></span> 
     </span>
     <span class='ocr_line' id='line_1_60' title="bbox 947 1140 1453 1210; baseline -0.012 -13"><span class='ocrx_word' id='word_1_306' title='bbox 947 1159 995 1197; x_wconf 89' lang='lat' dir='ltr'><strong><em>vos</em></strong></span> <span class='ocrx_word' id='word_1_307' title='bbox 1021 1144 1103 1197; x_wconf 84' lang='lat' dir='ltr'><strong><em>verba</em></strong></span> <span class='ocrx_word' id='word_1_308' title='bbox 1129 1142 1213 1205; x_wconf 82' lang='lat' dir='ltr'><strong><em>facio,</em></strong></span> <span class='ocrx_word' id='word_1_309' title='bbox 1241 1142 1283 1194; x_wconf 90' lang='lat' dir='ltr'><strong><em>uti</em></strong></span> <span class='ocrx_word' id='word_1_310' title='bbox 1312 1140 1453 1210; x_wconf 79' lang='lat' dir='ltr'><strong><em>vectigalia</em></strong></span> 
     </span>
     <span class='ocr_line' id='line_1_61' title="bbox 948 1209 1454 1281; baseline -0.01 -16"><span class='ocrx_word' id='word_1_311' title='bbox 948 1218 1038 1265; x_wconf 87' lang='lat' dir='ltr'><strong><em>vostra</em></strong></span> <span class='ocrx_word' id='word_1_312' title='bbox 1056 1210 1187 1281; x_wconf 76' lang='lat' dir='ltr'><strong><em>erigentis,</em></strong></span> <span class='ocrx_word' id='word_1_313' title='bbox 1206 1226 1260 1279; x_wconf 88' lang='lat' dir='ltr'><strong><em>quo</em></strong></span> <span class='ocrx_word' id='word_1_314' title='bbox 1280 1209 1395 1263; x_wconf 84' lang='lat' dir='ltr'><strong><em>facilius</em></strong></span> <span class='ocrx_word' id='word_1_315' title='bbox 1417 1225 1454 1261; x_wconf 81' lang='lat' dir='ltr'><strong><em>vo</em></strong></span> 
     </span>
     <span class='ocr_line' id='line_1_62' title="bbox 947 1277 1453 1348; baseline -0.006 -17"><span class='ocrx_word' id='word_1_316' title='bbox 947 1285 1003 1332; x_wconf 88' lang='lat' dir='ltr'><strong><em>stra</em></strong></span> <span class='ocrx_word' id='word_1_317' title='bbox 1021 1278 1160 1333; x_wconf 87' lang='lat' dir='ltr'><strong><em>commoda</em></strong></span> <span class='ocrx_word' id='word_1_318' title='bbox 1178 1284 1206 1331; x_wconf 88' lang='lat' dir='ltr'><strong><em>et</em></strong></span> <span class='ocrx_word' id='word_1_319' title='bbox 1233 1294 1294 1331; x_wconf 90' lang='lat' dir='ltr'><strong><em>rem</em></strong></span> <span class='ocrx_word' id='word_1_320' title='bbox 1322 1277 1453 1348; x_wconf 83' lang='lat' dir='ltr'><strong><em>publicam</em></strong></span> 
     </span>
     <span class='ocr_line' id='line_1_63' title="bbox 947 1344 1456 1416; baseline -0.01 -16"><span class='ocrx_word' id='word_1_321' title='bbox 947 1345 1135 1400; x_wconf 86' lang='lat' dir='ltr'><strong><em>administrare</em></strong></span> <span class='ocrx_word' id='word_1_322' title='bbox 1153 1344 1274 1416; x_wconf 88' lang='lat' dir='ltr'><strong><em>possitis,</em></strong></span> <span class='ocrx_word' id='word_1_323' title='bbox 1293 1362 1351 1400; x_wconf 90' lang='lat' dir='ltr'><strong><em>non</em></strong></span> <span class='ocrx_word' id='word_1_324' title='bbox 1376 1345 1456 1415; x_wconf 79' lang='lat' dir='ltr'><strong><em>gratis</em></strong></span> 
     </span>
     <span class='ocr_line' id='line_1_64' title="bbox 947 1413 1454 1485; baseline -0.008 -17"><span class='ocrx_word' id='word_1_325' title='bbox 947 1416 1054 1485; x_wconf 87' lang='lat' dir='ltr'><strong><em>prodeo,</em></strong></span> <span class='ocrx_word' id='word_1_326' title='bbox 1073 1431 1166 1469; x_wconf 90' lang='lat' dir='ltr'><strong><em>verum</em></strong></span> <span class='ocrx_word' id='word_1_327' title='bbox 1203 1419 1247 1467; x_wconf 93' lang='lat' dir='ltr'><strong><em>eto</em></strong></span> <span class='ocrx_word' id='word_1_328' title='bbox 1267 1430 1285 1466; x_wconf 92' lang='lat' dir='ltr'><strong><em>a</em></strong></span> <span class='ocrx_word' id='word_1_329' title='bbox 1303 1413 1385 1468; x_wconf 87' lang='lat' dir='ltr'><strong><em>vobis</em></strong></span> <span class='ocrx_word' id='word_1_330' title='bbox 1407 1429 1454 1466; x_wconf 92' lang='lat' dir='ltr'><strong><em>non</em></strong></span> 
     </span>
     <span class='ocr_line' id='line_1_65' title="bbox 948 1481 1455 1553; baseline -0.008 -17"><span class='ocrx_word' id='word_1_331' title='bbox 948 1483 1100 1553; x_wconf 87' lang='lat' dir='ltr'><strong><em>pecuniam,</em></strong></span> <span class='ocrx_word' id='word_1_332' title='bbox 1120 1482 1167 1537; x_wconf 87' lang='lat' dir='ltr'><strong><em>sed</em></strong></span> <span class='ocrx_word' id='word_1_333' title='bbox 1228 1498 1295 1535; x_wconf 90' lang='lat' dir='ltr'><strong><em>nam</em></strong></span> <span class='ocrx_word' id='word_1_334' title='bbox 1323 1481 1455 1536; x_wconf 83' lang='lat' dir='ltr'><strong><em>existima·</em></strong></span> 
     </span>
     <span class='ocr_line' id='line_1_66' title="bbox 948 1549 1457 1621; baseline -0.004 -18"><span class='ocrx_word' id='word_1_335' title='bbox 948 1552 1049 1605; x_wconf 90' lang='lat' dir='ltr'><strong><em>tionem</em></strong></span> <span class='ocrx_word' id='word_1_336' title='bbox 1067 1557 1147 1621; x_wconf 85' lang='lat' dir='ltr'><strong><em>atque</em></strong></span> <span class='ocrx_word' id='word_1_337' title='bbox 1166 1550 1314 1603; x_wconf 91' lang='lat' dir='ltr'><strong><em>honorem:</em></strong></span> <span class='ocrx_word' id='word_1_338' title='bbox 1334 1549 1383 1619; x_wconf 90' lang='lat' dir='ltr'><strong><em>qui</em></strong></span> <span class='ocrx_word' id='word_1_339' title='bbox 1403 1564 1457 1619; x_wconf 80' lang='lat' dir='ltr'><strong><em>pro</em></strong></span> 
     </span>
     <span class='ocr_line' id='line_1_67' title="bbox 947 1616 1455 1687; baseline -0.006 -16"><span class='ocrx_word' id='word_1_340' title='bbox 947 1620 1030 1673; x_wconf 89' lang='lat' dir='ltr'><strong><em>deunt</em></strong></span> <span class='ocrx_word' id='word_1_341' title='bbox 1048 1617 1203 1681; x_wconf 86' lang='lat' dir='ltr'><strong><em>dissuasuri,</em></strong></span> <span class='ocrx_word' id='word_1_342' title='bbox 1221 1634 1257 1671; x_wconf 90' lang='lat' dir='ltr'><strong><em>ne</em></strong></span> <span class='ocrx_word' id='word_1_343' title='bbox 1278 1616 1354 1671; x_wconf 89' lang='lat' dir='ltr'><strong><em>hanc</em></strong></span> <span class='ocrx_word' id='word_1_344' title='bbox 1372 1617 1455 1687; x_wconf 80' lang='lat' dir='ltr'><strong><em>legem</em></strong></span> 
     </span>
     <span class='ocr_line' id='line_1_68' title="bbox 948 1685 1454 1757; baseline -0.01 -17"><span class='ocrx_word' id='word_1_345' title='bbox 948 1686 1096 1757; x_wconf 79' lang='lat' dir='ltr'><strong><em>accipiatis,</em></strong></span> <span class='ocrx_word' id='word_1_346' title='bbox 1119 1692 1216 1756; x_wconf 90' lang='lat' dir='ltr'><strong><em>petunt</em></strong></span> <span class='ocrx_word' id='word_1_347' title='bbox 1243 1702 1300 1739; x_wconf 90' lang='lat' dir='ltr'><strong><em>non</em></strong></span> <span class='ocrx_word' id='word_1_348' title='bbox 1328 1685 1454 1739; x_wconf 88' lang='lat' dir='ltr'><strong><em>honorem</em></strong></span> 
     </span>
     <span class='ocr_line' id='line_1_69' title="bbox 949 1753 1456 1823; baseline -0.002 -15"><span class='ocrx_word' id='word_1_349' title='bbox 949 1756 1066 1819; x_wconf 82' lang='lat' dir='ltr'><strong><em>evehis,</em></strong></span> <span class='ocrx_word' id='word_1_350' title='bbox 1085 1770 1212 1808; x_wconf 79' lang='lat' dir='ltr'><strong><em>verume</em></strong></span> <span class='ocrx_word' id='word_1_351' title='bbox 1237 1753 1391 1807; x_wconf 90' lang='lat' dir='ltr'><strong><em>Nicomede</em></strong></span> <span class='ocrx_word' id='word_1_352' title='bbox 1417 1769 1456 1823; x_wconf 83' lang='lat' dir='ltr'><strong><em>pe</em></strong></span> 
     </span>
     <span class='ocr_line' id='line_1_70' title="bbox 948 1821 1454 1887; baseline -0.01 -11"><span class='ocrx_word' id='word_1_353' title='bbox 948 1822 1064 1877; x_wconf 90' lang='lat' dir='ltr'><strong><em>cuniam.</em></strong></span> <span class='ocrx_word' id='word_1_354' title='bbox 1074 1822 1125 1887; x_wconf 89' lang='lat' dir='ltr'><strong><em>Qui</em></strong></span> <span class='ocrx_word' id='word_1_355' title='bbox 1138 1822 1251 1875; x_wconf 87' lang='lat' dir='ltr'><strong><em>suadent</em></strong></span> <span class='ocrx_word' id='word_1_356' title='bbox 1265 1828 1296 1874; x_wconf 89' lang='lat' dir='ltr'><strong><em>ut</em></strong></span> <span class='ocrx_word' id='word_1_357' title='bbox 1305 1822 1369 1875; x_wconf 87' lang='lat' dir='ltr'><strong><em>acci</em></strong></span> <span class='ocrx_word' id='word_1_358' title='bbox 1389 1821 1454 1882; x_wconf 80' lang='lat' dir='ltr'><strong><em>istis,</em></strong></span> 
     </span>
     <span class='ocr_line' id='line_1_71' title="bbox 948 1840 1455 1968; baseline -0.004 -25"><span class='ocrx_word' id='word_1_359' title='bbox 948 1891 968 1943; x_wconf 91' lang='lat' dir='ltr'><strong><em>ii</em></strong></span> <span class='ocrx_word' id='word_1_360' title='bbox 987 1907 1091 1960; x_wconf 89' lang='lat' dir='ltr'><strong><em>quoque</em></strong></span> <span class='ocrx_word' id='word_1_361' title='bbox 1108 1896 1203 1968; x_wconf 86' lang='lat' dir='ltr'><strong><em>petunt</em></strong></span> <span class='ocrx_word' id='word_1_362' title='bbox 1221 1906 1278 1943; x_wconf 89' lang='lat' dir='ltr'><strong><em>non</em></strong></span> <span class='ocrx_word' id='word_1_363' title='bbox 1296 1906 1313 1941; x_wconf 91' lang='lat' dir='ltr'><strong><em>a</em></strong></span> <span class='ocrx_word' id='word_1_364' title='bbox 1327 1840 1407 1943; x_wconf 62' lang='lat' dir='ltr'><strong><em>volis</em></strong></span> <span class='ocrx_word' id='word_1_365' title='bbox 1419 1891 1455 1941; x_wconf 84' lang='lat' dir='ltr'><strong><em>bo</em></strong></span> 
     </span>
     <span class='ocr_line' id='line_1_72' title="bbox 948 1956 1455 2020; baseline -0.004 -9"><span class='ocrx_word' id='word_1_366' title='bbox 948 1975 1011 2011; x_wconf 89' lang='lat' dir='ltr'><strong><em>nam</em></strong></span> <span class='ocrx_word' id='word_1_367' title='bbox 1040 1956 1284 2020; x_wconf 82' lang='lat' dir='ltr'><strong><em>existimationem,</em></strong></span> <span class='ocrx_word' id='word_1_368' title='bbox 1314 1974 1414 2011; x_wconf 84' lang='lat' dir='ltr'><strong><em>verum</em></strong></span> <span class='ocrx_word' id='word_1_369' title='bbox 1441 1974 1455 2009; x_wconf 89' lang='lat' dir='ltr'><strong><em>a</em></strong></span> 
     </span>
     <span class='ocr_line' id='line_1_73' title="bbox 949 2024 1457 2095; baseline -0.004 -15"><span class='ocrx_word' id='word_1_370' title='bbox 949 2025 1106 2080; x_wconf 90' lang='lat' dir='ltr'><strong><em>Mithridate</em></strong></span> <span class='ocrx_word' id='word_1_371' title='bbox 1116 2025 1155 2080; x_wconf 92' lang='lat' dir='ltr'><strong><em>rei</em></strong></span> <span class='ocrx_word' id='word_1_372' title='bbox 1165 2024 1312 2078; x_wconf 84' lang='lat' dir='ltr'><strong><em>familiaris</em></strong></span> <span class='ocrx_word' id='word_1_373' title='bbox 1324 2042 1393 2079; x_wconf 89' lang='lat' dir='ltr'><strong><em>suae</em></strong></span> <span class='ocrx_word' id='word_1_374' title='bbox 1407 2041 1457 2095; x_wconf 85' lang='lat' dir='ltr'><strong><em>pre</em></strong></span> 
     </span>
     <span class='ocr_line' id='line_1_74' title="bbox 949 2092 1456 2163; baseline -0.006 -16"><span class='ocrx_word' id='word_1_375' title='bbox 949 2095 1016 2148; x_wconf 91' lang='lat' dir='ltr'><strong><em>tium</em></strong></span> <span class='ocrx_word' id='word_1_376' title='bbox 1034 2101 1061 2147; x_wconf 87' lang='lat' dir='ltr'><strong><em>et</em></strong></span> <span class='ocrx_word' id='word_1_377' title='bbox 1079 2092 1302 2163; x_wconf 87' lang='lat' dir='ltr'><strong><em>praemiquui</em></strong></span> <span class='ocrx_word' id='word_1_378' title='bbox 1321 2100 1415 2147; x_wconf 88' lang='lat' dir='ltr'><strong><em>antem</em></strong></span> <span class='ocrx_word' id='word_1_379' title='bbox 1427 2110 1456 2145; x_wconf 81' lang='lat' dir='ltr'><strong><em>ex</em></strong></span> 
     </span>
     <span class='ocr_line' id='line_1_75' title="bbox 948 2160 1456 2231; baseline -0.012 -14"><span class='ocrx_word' id='word_1_380' title='bbox 948 2163 1040 2217; x_wconf 89' lang='lat' dir='ltr'><strong><em>eodem</em></strong></span> <span class='ocrx_word' id='word_1_381' title='bbox 1059 2162 1118 2215; x_wconf 87' lang='lat' dir='ltr'><strong><em>loco</em></strong></span> <span class='ocrx_word' id='word_1_382' title='bbox 1135 2167 1217 2231; x_wconf 88' lang='lat' dir='ltr'><strong><em>atque</em></strong></span> <span class='ocrx_word' id='word_1_383' title='bbox 1236 2160 1334 2215; x_wconf 89' lang='lat' dir='ltr'><strong><em>ordine</em></strong></span> <span class='ocrx_word' id='word_1_384' title='bbox 1359 2168 1456 2222; x_wconf 86' lang='lat' dir='ltr'><strong><em>tacent,</em></strong></span> 
     </span>
     <span class='ocr_line' id='line_1_76' title="bbox 949 2228 1458 2285; baseline -0.008 -1"><span class='ocrx_word' id='word_1_385' title='bbox 949 2231 968 2284; x_wconf 93' lang='lat' dir='ltr'><strong><em>ii</em></strong></span> <span class='ocrx_word' id='word_1_386' title='bbox 995 2230 1037 2285; x_wconf 88' lang='lat' dir='ltr'><strong><em>vel</em></strong></span> <span class='ocrx_word' id='word_1_387' title='bbox 1067 2228 1191 2283; x_wconf 88' lang='lat' dir='ltr'><strong><em>acerrimi</em></strong></span> <span class='ocrx_word' id='word_1_388' title='bbox 1221 2236 1301 2283; x_wconf 88' lang='lat' dir='ltr'><strong><em>sunt:</em></strong></span> <span class='ocrx_word' id='word_1_389' title='bbox 1329 2246 1396 2283; x_wconf 88' lang='lat' dir='ltr'><strong><em>nam</em></strong></span> <span class='ocrx_word' id='word_1_390' title='bbox 1427 2229 1458 2281; x_wconf 87' lang='lat' dir='ltr'><strong><em>ab</em></strong></span> 
     </span>
     <span class='ocr_line' id='line_1_77' title="bbox 948 2296 1458 2367; baseline -0.01 -15"><span class='ocrx_word' id='word_1_391' title='bbox 948 2298 1072 2353; x_wconf 91' lang='lat' dir='ltr'><strong><em>omnibus</em></strong></span> <span class='ocrx_word' id='word_1_392' title='bbox 1106 2297 1224 2367; x_wconf 88' lang='lat' dir='ltr'><strong><em>pretinm</em></strong></span> <span class='ocrx_word' id='word_1_393' title='bbox 1254 2296 1399 2367; x_wconf 84' lang='lat' dir='ltr'><strong><em>accipiunt</em></strong></span> <span class='ocrx_word' id='word_1_394' title='bbox 1433 2305 1458 2349; x_wconf 82' lang='lat' dir='ltr'><strong><em>et</em></strong></span> 
     </span>
     <span class='ocr_line' id='line_1_78' title="bbox 948 2364 1457 2435; baseline -0.01 -15"><span class='ocrx_word' id='word_1_395' title='bbox 948 2382 1040 2420; x_wconf 85' lang='lat' dir='ltr'><strong><em>omnes</em></strong></span> <span class='ocrx_word' id='word_1_396' title='bbox 1057 2364 1164 2419; x_wconf 84' lang='lat' dir='ltr'><strong><em>fallunt.</em></strong></span> <span class='ocrx_word' id='word_1_397' title='bbox 1184 2366 1248 2429; x_wconf 83' lang='lat' dir='ltr'><strong><em>Vos,</em></strong></span> <span class='ocrx_word' id='word_1_398' title='bbox 1271 2381 1336 2419; x_wconf 88' lang='lat' dir='ltr'><strong><em>cum</em></strong></span> <span class='ocrx_word' id='word_1_399' title='bbox 1357 2365 1457 2435; x_wconf 85' lang='lat' dir='ltr'><strong><em>putatis</em></strong></span> 
     </span>
     <span class='ocr_line' id='line_1_79' title="bbox 949 2433 1457 2489; baseline -0.002 -1"><span class='ocrx_word' id='word_1_400' title='bbox 949 2452 994 2489; x_wconf 88' lang='lat' dir='ltr'><strong><em>eos</em></strong></span> <span class='ocrx_word' id='word_1_401' title='bbox 1012 2434 1046 2488; x_wconf 92' lang='lat' dir='ltr'><strong><em>ab</em></strong></span> <span class='ocrx_word' id='word_1_402' title='bbox 1067 2433 1110 2487; x_wconf 91' lang='lat' dir='ltr'><strong><em>his</em></strong></span> <span class='ocrx_word' id='word_1_403' title='bbox 1136 2433 1216 2487; x_wconf 87' lang='lat' dir='ltr'><strong><em>rebus</em></strong></span> <span class='ocrx_word' id='word_1_404' title='bbox 1242 2439 1367 2487; x_wconf 89' lang='lat' dir='ltr'><strong><em>remotos</em></strong></span> <span class='ocrx_word' id='word_1_405' title='bbox 1394 2450 1457 2487; x_wconf 54' lang='lat' dir='ltr'><strong><em>aas.</em></strong></span> 
     </span>
     <span class='ocr_line' id='line_1_80' title="bbox 948 2500 1455 2573; baseline -0.008 -18"><span class='ocrx_word' id='word_1_406' title='bbox 948 2501 1093 2573; x_wconf 88' lang='lat' dir='ltr'><strong><em>impartitis</em></strong></span> <span class='ocrx_word' id='word_1_407' title='bbox 1104 2503 1202 2556; x_wconf 90' lang='lat' dir='ltr'><strong><em>bonam</em></strong></span> <span class='ocrx_word' id='word_1_408' title='bbox 1215 2500 1455 2556; x_wconf 83' lang='lat' dir='ltr'><strong><em>existimationem.</em></strong></span> 
     </span>
     <span class='ocr_line' id='line_1_81' title="bbox 950 2568 1455 2640; baseline -0.004 -17"><span class='ocrx_word' id='word_1_409' title='bbox 950 2570 1111 2640; x_wconf 84' lang='lat' dir='ltr'><strong><em>Legationes</em></strong></span> <span class='ocrx_word' id='word_1_410' title='bbox 1129 2577 1220 2624; x_wconf 88' lang='lat' dir='ltr'><strong><em>autem</em></strong></span> <span class='ocrx_word' id='word_1_411' title='bbox 1233 2586 1249 2623; x_wconf 87' lang='lat' dir='ltr'><strong><em>a</em></strong></span> <span class='ocrx_word' id='word_1_412' title='bbox 1262 2568 1386 2639; x_wconf 79' lang='lat' dir='ltr'><strong><em>regibus,</em></strong></span> <span class='ocrx_word' id='word_1_413' title='bbox 1399 2585 1455 2623; x_wconf 86' lang='lat' dir='ltr'><strong><em>cum</em></strong></span> 
     </span>
     <span class='ocr_line' id='line_1_82' title="bbox 948 2638 1458 2709; baseline 0.004 -18"><span class='ocrx_word' id='word_1_414' title='bbox 948 2643 1044 2709; x_wconf 87' lang='lat' dir='ltr'><strong><em>putant</em></strong></span> <span class='ocrx_word' id='word_1_415' title='bbox 1074 2654 1118 2691; x_wconf 88' lang='lat' dir='ltr'><strong><em>eos</em></strong></span> <span class='ocrx_word' id='word_1_416' title='bbox 1145 2655 1193 2691; x_wconf 88' lang='lat' dir='ltr'><strong><em>sua</em></strong></span> <span class='ocrx_word' id='word_1_417' title='bbox 1223 2654 1305 2691; x_wconf 85' lang='lat' dir='ltr'><strong><em>causa</em></strong></span> <span class='ocrx_word' id='word_1_418' title='bbox 1334 2638 1458 2693; x_wconf 73' lang='lat' dir='ltr'><strong><em>reticere.</em></strong></span> 
     </span>
     <span class='ocr_line' id='line_1_83' title="bbox 948 2706 1458 2775; baseline -0.006 -16"><span class='ocrx_word' id='word_1_419' title='bbox 948 2722 1007 2759; x_wconf 86' lang='lat' dir='ltr'><strong><em>sum</em></strong></span> <span class='ocrx_word' id='word_1_420' title='bbox 1027 2713 1071 2759; x_wconf 87' lang='lat' dir='ltr'><strong><em>tus</em></strong></span> <span class='ocrx_word' id='word_1_421' title='bbox 1087 2712 1167 2775; x_wconf 88' lang='lat' dir='ltr'><strong><em>atque</em></strong></span> <span class='ocrx_word' id='word_1_422' title='bbox 1180 2706 1310 2775; x_wconf 86' lang='lat' dir='ltr'><strong><em>pecunias</em></strong></span> <span class='ocrx_word' id='word_1_423' title='bbox 1323 2706 1458 2759; x_wconf 82' lang='lat' dir='ltr'><strong><em>maximas</em></strong></span> 
     </span>
     <span class='ocr_line' id='line_1_84' title="bbox 948 2772 1457 2844; baseline -0.004 -17"><span class='ocrx_word' id='word_1_424' title='bbox 948 2792 1012 2844; x_wconf 90' lang='lat' dir='ltr'><strong><em>prae</em></strong></span> <span class='ocrx_word' id='word_1_425' title='bbox 1047 2780 1085 2836; x_wconf 81' lang='lat' dir='ltr'><strong><em>nt,</em></strong></span> <span class='ocrx_word' id='word_1_426' title='bbox 1103 2774 1167 2827; x_wconf 88' lang='lat' dir='ltr'><strong><em>item</em></strong></span> <span class='ocrx_word' id='word_1_427' title='bbox 1187 2772 1236 2836; x_wconf 82' lang='lat' dir='ltr'><strong><em>uti,</em></strong></span> <span class='ocrx_word' id='word_1_428' title='bbox 1249 2774 1279 2825; x_wconf 92' lang='lat' dir='ltr'><strong><em>in</em></strong></span> <span class='ocrx_word' id='word_1_429' title='bbox 1292 2780 1369 2827; x_wconf 90' lang='lat' dir='ltr'><strong><em>terra</em></strong></span> <span class='ocrx_word' id='word_1_430' title='bbox 1382 2774 1457 2827; x_wconf 81' lang='lat' dir='ltr'><strong><em>Grae</em></strong></span> 
     </span>
     <span class='ocr_line' id='line_1_85' title="bbox 948 2842 1457 2911; baseline -0.004 -16"><span class='ocrx_word' id='word_1_431' title='bbox 948 2844 998 2905; x_wconf 79' lang='lat' dir='ltr'><strong><em>cia,</em></strong></span> <span class='ocrx_word' id='word_1_432' title='bbox 1017 2858 1069 2911; x_wconf 89' lang='lat' dir='ltr'><strong><em>quo</em></strong></span> <span class='ocrx_word' id='word_1_433' title='bbox 1088 2842 1252 2911; x_wconf 91' lang='lat' dir='ltr'><strong><em>intempore</em></strong></span> <span class='ocrx_word' id='word_1_434' title='bbox 1291 2857 1391 2895; x_wconf 87' lang='lat' dir='ltr'><strong><em>raecus</em></strong></span> <span class='ocrx_word' id='word_1_435' title='bbox 1411 2849 1457 2893; x_wconf 88' lang='lat' dir='ltr'><strong><em>tra-</em></strong></span> 
     </span>
     <span class='ocr_line' id='line_1_86' title="bbox 948 2858 1456 2979; baseline -0.008 -14"><span class='ocrx_word' id='word_1_436' title='bbox 948 2910 1049 2979; x_wconf 83' lang='lat' dir='ltr'><strong><em>goedus</em></strong></span> <span class='ocrx_word' id='word_1_437' title='bbox 1066 2908 1169 2979; x_wconf 82' lang='lat' dir='ltr'><strong><em>gloriae</em></strong></span> <span class='ocrx_word' id='word_1_438' title='bbox 1187 2908 1239 2962; x_wconf 88' lang='lat' dir='ltr'><strong><em>sibi</em></strong></span> <span class='ocrx_word' id='word_1_439' title='bbox 1265 2858 1397 2972; x_wconf 50' lang='lat' dir='ltr'><strong><em>ducebat,</em></strong></span> <span class='ocrx_word' id='word_1_440' title='bbox 1423 2917 1456 2961; x_wconf 86' lang='lat' dir='ltr'><strong><em>ta-</em></strong></span> 
     </span>
     <span class='ocr_line' id='line_1_87' title="bbox 948 2977 1455 3047; baseline -0.002 -17"><span class='ocrx_word' id='word_1_441' title='bbox 948 2980 1051 3031; x_wconf 91' lang='lat' dir='ltr'><strong><em>lentum</em></strong></span> <span class='ocrx_word' id='word_1_442' title='bbox 1061 2993 1189 3047; x_wconf 81' lang='lat' dir='ltr'><strong><em>magnum</em></strong></span> <span class='ocrx_word' id='word_1_443' title='bbox 1199 2978 1234 3037; x_wconf 89' lang='lat' dir='ltr'><strong><em>ob</em></strong></span> <span class='ocrx_word' id='word_1_444' title='bbox 1243 2993 1325 3029; x_wconf 90' lang='lat' dir='ltr'><strong><em>unam</em></strong></span> <span class='ocrx_word' id='word_1_445' title='bbox 1334 2977 1455 3030; x_wconf 80' lang='lat' dir='ltr'><strong><em>fabulam</em></strong></span> 
     </span>
     <span class='ocr_line' id='line_1_88' title="bbox 947 3044 1458 3115; baseline -0.002 -17"><span class='ocrx_word' id='word_1_446' title='bbox 947 3047 1039 3099; x_wconf 87' lang='lat' dir='ltr'><strong><em>datum</em></strong></span> <span class='ocrx_word' id='word_1_447' title='bbox 1058 3062 1124 3107; x_wconf 86' lang='lat' dir='ltr'><strong><em>esse,</em></strong></span> <span class='ocrx_word' id='word_1_448' title='bbox 1143 3045 1275 3099; x_wconf 89' lang='lat' dir='ltr'><strong><em>Demades</em></strong></span> <span class='ocrx_word' id='word_1_449' title='bbox 1296 3044 1321 3098; x_wconf 86' lang='lat' dir='ltr'><strong><em>ei</em></strong></span> <span class='ocrx_word' id='word_1_450' title='bbox 1351 3060 1458 3115; x_wconf 87' lang='lat' dir='ltr'><strong><em>respon-</em></strong></span> 
     </span>
     <span class='ocr_line' id='line_1_89' title="bbox 948 3112 1456 3167; baseline -0.002 0"><span class='ocrx_word' id='word_1_451' title='bbox 948 3114 1018 3167; x_wconf 88' lang='lat' dir='ltr'><strong><em>disse</em></strong></span> <span class='ocrx_word' id='word_1_452' title='bbox 1027 3112 1142 3166; x_wconf 87' lang='lat' dir='ltr'><strong><em>dicitur:</em></strong></span> <span class='ocrx_word' id='word_1_453' title='bbox 1161 3113 1262 3166; x_wconf 86' lang='lat' dir='ltr'><strong><em>Mirum</em></strong></span> <span class='ocrx_word' id='word_1_454' title='bbox 1276 3112 1325 3166; x_wconf 89' lang='lat' dir='ltr'><strong><em>tibi</em></strong></span> <span class='ocrx_word' id='word_1_455' title='bbox 1339 3113 1456 3167; x_wconf 79' lang='lat' dir='ltr'><strong><em>videtur.</em></strong></span> 
     </span>
     <span class='ocr_line' id='line_1_90' title="bbox 948 3178 1457 3251; baseline -0.01 -16"><span class='ocrx_word' id='word_1_456' title='bbox 948 3183 971 3235; x_wconf 89' lang='lat' dir='ltr'><strong><em>si</em></strong></span> <span class='ocrx_word' id='word_1_457' title='bbox 983 3189 1012 3235; x_wconf 87' lang='lat' dir='ltr'><strong><em>tn</em></strong></span> <span class='ocrx_word' id='word_1_458' title='bbox 1023 3181 1154 3251; x_wconf 85' lang='lat' dir='ltr'><strong><em>loquendo</em></strong></span> <span class='ocrx_word' id='word_1_459' title='bbox 1164 3182 1296 3234; x_wconf 86' lang='lat' dir='ltr'><strong><em>talentum</em></strong></span> <span class='ocrx_word' id='word_1_460' title='bbox 1309 3178 1457 3250; x_wconf 69' lang='lat' dir='ltr'><strong><em>quaesisti?</em></strong></span> 
     </span>
     <span class='ocr_line' id='line_1_91' title="bbox 949 3247 1455 3320; baseline -0.008 -17"><span class='ocrx_word' id='word_1_461' title='bbox 949 3250 1006 3320; x_wconf 85' lang='lat' dir='ltr'><strong><em>Ego</em></strong></span> <span class='ocrx_word' id='word_1_462' title='bbox 1024 3256 1054 3303; x_wconf 92' lang='lat' dir='ltr'><strong><em>ut</em></strong></span> <span class='ocrx_word' id='word_1_463' title='bbox 1070 3256 1188 3303; x_wconf 84' lang='lat' dir='ltr'><strong><em>tacerem</em></strong></span> <span class='ocrx_word' id='word_1_464' title='bbox 1206 3248 1300 3303; x_wconf 91' lang='lat' dir='ltr'><strong><em>decem</em></strong></span> <span class='ocrx_word' id='word_1_465' title='bbox 1323 3247 1455 3302; x_wconf 85' lang='lat' dir='ltr'><strong><em>talentaa</em></strong></span> 
     </span>
     <span class='ocr_line' id='line_1_92' title="bbox 948 3315 1456 3437; baseline -0.006 -66"><span class='ocrx_word' id='word_1_466' title='bbox 948 3334 1012 3387; x_wconf 77' lang='lat' dir='ltr'><strong><em>rege</em></strong></span> <span class='ocrx_word' id='word_1_467' title='bbox 1032 3316 1132 3437; x_wconf 59' lang='lat' dir='ltr'><strong><em>accepi.</em></strong></span> <span class='ocrx_word' id='word_1_468' title='bbox 1146 3317 1212 3371; x_wconf 90' lang='lat' dir='ltr'><strong><em>ltem</em></strong></span> <span class='ocrx_word' id='word_1_469' title='bbox 1225 3315 1358 3369; x_wconf 77' lang='lat' dir='ltr'><strong><em>nunciati</em></strong></span> <span class='ocrx_word' id='word_1_470' title='bbox 1372 3318 1456 3387; x_wconf 88' lang='lat' dir='ltr'><strong><em>pretia</em></strong></span> 
     </span>
     <span class='ocr_line' id='line_1_93' title="bbox 948 3384 1456 3455; baseline -0.01 -17"><span class='ocrx_word' id='word_1_471' title='bbox 948 3386 1065 3439; x_wconf 85' lang='lat' dir='ltr'><strong><em>maxima</em></strong></span> <span class='ocrx_word' id='word_1_472' title='bbox 1078 3402 1094 3439; x_wconf 92' lang='lat' dir='ltr'><strong><em>o</em></strong></span> <span class='ocrx_word' id='word_1_473' title='bbox 1125 3384 1266 3439; x_wconf 86' lang='lat' dir='ltr'><strong><em>tacendum</em></strong></span> <span class='ocrx_word' id='word_1_474' title='bbox 1279 3384 1424 3455; x_wconf 84' lang='lat' dir='ltr'><strong><em>accipiunt</em></strong></span> <span class='ocrx_word' id='word_1_475' title='bbox 1434 3402 1456 3434; x_wconf 86' lang='lat'><strong><em>›.</em></strong></span> 
     </span>
    </p>
   </div>
   <div class='ocr_carea' id='block_1_11' title="bbox 913 3451 1457 3520">
    <p class='ocr_par' dir='ltr' id='par_1_11' title="bbox 913 3451 1457 3520">
     <span class='ocr_line' id='line_1_94' title="bbox 913 3451 1457 3520; baseline -0.013 -11"><span class='ocrx_word' id='word_1_476' title='bbox 913 3455 944 3520; x_wconf 88' lang='lat' dir='ltr'><strong><em>Q.</em></strong></span> <span class='ocrx_word' id='word_1_477' title='bbox 964 3453 1119 3508; x_wconf 87' lang='lat' dir='ltr'><strong><em>Granius.</em></strong></span> <span class='ocrx_word' id='word_1_478' title='bbox 1139 3451 1198 3516; x_wconf 84' lang='lat'>160,</span> <span class='ocrx_word' id='word_1_479' title='bbox 1224 3451 1273 3505; x_wconf 80' lang='grc'><strong><em>172</em></strong></span> <span class='ocrx_word' id='word_1_480' title='bbox 1301 3482 1334 3491; x_wconf 98' lang='grc'>-</span> <span class='ocrx_word' id='word_1_481' title='bbox 1366 3453 1400 3505; x_wconf 87' lang='lat' dir='ltr'><strong><em>Di</em></strong></span> <span class='ocrx_word' id='word_1_482' title='bbox 1427 3452 1457 3516; x_wconf 89' lang='lat' dir='ltr'><strong><em>Q.</em></strong></span> 
     </span>
    </p>
   </div>
   <div class='ocr_carea' id='block_1_12' title="bbox 948 3519 1458 3795">
    <p class='ocr_par' dir='ltr' id='par_1_12' title="bbox 948 3519 1458 3795">
     <span class='ocr_line' id='line_1_95' title="bbox 948 3519 1457 3589; baseline -0.008 -14"><span class='ocrx_word' id='word_1_483' title='bbox 948 3522 1048 3575; x_wconf 86' lang='lat' dir='ltr'><strong><em>Granio</em></strong></span> <span class='ocrx_word' id='word_1_484' title='bbox 1066 3520 1215 3589; x_wconf 88' lang='lat' dir='ltr'><strong><em>banditore,</em></strong></span> <span class='ocrx_word' id='word_1_485' title='bbox 1233 3519 1321 3574; x_wconf 86' lang='lat' dir='ltr'><strong><em>amico</em></strong></span> <span class='ocrx_word' id='word_1_486' title='bbox 1347 3520 1377 3573; x_wconf 90' lang='lat' dir='ltr'><strong><em>di</em></strong></span> <span class='ocrx_word' id='word_1_487' title='bbox 1408 3523 1457 3573; x_wconf 83' lang='lat' dir='ltr'><strong><em>An·</em></strong></span> 
     </span>
     <span class='ocr_line' id='line_1_96' title="bbox 949 3587 1457 3659; baseline -0.01 -16"><span class='ocrx_word' id='word_1_488' title='bbox 949 3590 1022 3643; x_wconf 90' lang='lat' dir='ltr'><strong><em>tonio</em></strong></span> <span class='ocrx_word' id='word_1_489' title='bbox 1040 3605 1056 3642; x_wconf 91' lang='lat' dir='ltr'><strong><em>e</em></strong></span> <span class='ocrx_word' id='word_1_490' title='bbox 1073 3589 1100 3641; x_wconf 93' lang='lat' dir='ltr'><strong><em>di</em></strong></span> <span class='ocrx_word' id='word_1_491' title='bbox 1120 3587 1217 3642; x_wconf 88' lang='lat' dir='ltr'><strong><em>Crasso</em></strong></span> <span class='ocrx_word' id='word_1_492' title='bbox 1228 3604 1244 3641; x_wconf 95' lang='lat' dir='ltr'><strong><em>e</em></strong></span> <span class='ocrx_word' id='word_1_493' title='bbox 1256 3588 1299 3641; x_wconf 87' lang='lat' dir='ltr'><strong><em>de’</em></strong></span> <span class='ocrx_word' id='word_1_494' title='bbox 1311 3587 1457 3659; x_wconf 80' lang='lat' dir='ltr'><strong><em>principali</em></strong></span> 
     </span>
     <span class='ocr_line' id='line_1_97' title="bbox 966 3656 1458 3728; baseline -0.006 -17"><span class='ocrx_word' id='word_1_495' title='bbox 966 3656 1354 3728; x_wconf 81' lang='lat' dir='ltr'><strong><em>ersonaggidell&#39;epoca‚parla</em></strong></span> <span class='ocrx_word' id='word_1_496' title='bbox 1365 3672 1458 3727; x_wconf 75' lang='lat' dir='ltr'><strong><em>spesso</em></strong></span> 
     </span>
     <span class='ocr_line' id='line_1_98' title="bbox 948 3676 1458 3795; baseline -0.01 -14"><span class='ocrx_word' id='word_1_497' title='bbox 948 3676 1013 3786; x_wconf 52' lang='lat' dir='ltr'><strong><em>1dic„</em></strong></span> <span class='ocrx_word' id='word_1_498' title='bbox 1030 3741 1106 3779; x_wconf 90' lang='lat' dir='ltr'><strong><em>come</em></strong></span> <span class='ocrx_word' id='word_1_499' title='bbox 1123 3725 1150 3777; x_wconf 94' lang='lat' dir='ltr'><strong><em>di</em></strong></span> <span class='ocrx_word' id='word_1_500' title='bbox 1174 3740 1289 3795; x_wconf 85' lang='lat' dir='ltr'><strong><em>persona</em></strong></span> <span class='ocrx_word' id='word_1_501' title='bbox 1317 3722 1345 3776; x_wconf 90' lang='lat' dir='ltr'><strong><em>di</em></strong></span> <span class='ocrx_word' id='word_1_502' title='bbox 1375 3724 1458 3779; x_wconf 85' lang='lat' dir='ltr'><strong><em>molto</em></strong></span> 
     </span>
    </p>
   </div>
   <div class='ocr_carea' id='block_1_13' title="bbox 948 3790 1456 3924">
    <p class='ocr_par' dir='ltr' id='par_1_13' title="bbox 948 3790 1456 3924">
     <span class='ocr_line' id='line_1_99' title="bbox 948 3790 1455 3863; baseline -0.002 -17"><span class='ocrx_word' id='word_1_503' title='bbox 948 3812 960 3846; x_wconf 91' lang='lat' dir='ltr'><strong><em>s</em></strong></span> <span class='ocrx_word' id='word_1_504' title='bbox 979 3793 1042 3847; x_wconf 89' lang='lat' dir='ltr'><strong><em>irito</em></strong></span> <span class='ocrx_word' id='word_1_505' title='bbox 1054 3810 1069 3847; x_wconf 90' lang='lat' dir='ltr'><strong><em>e</em></strong></span> <span class='ocrx_word' id='word_1_506' title='bbox 1082 3794 1274 3863; x_wconf 82' lang='lat' dir='ltr'><strong><em>mordace‚pro</em></strong></span> <span class='ocrx_word' id='word_1_507' title='bbox 1288 3792 1405 3853; x_wconf 79' lang='lat' dir='ltr'><strong><em>Plano,</em></strong></span> <span class='ocrx_word' id='word_1_508' title='bbox 1417 3790 1455 3845; x_wconf 72' lang='lat'><strong><em>33.</em></strong></span> 
     </span>
     <span class='ocr_line' id='line_1_100' title="bbox 968 3858 1456 3924; baseline -0.012 -9"><span class='ocrx_word' id='word_1_509' title='bbox 968 3878 983 3915; x_wconf 88' lang='lat' dir='ltr'><strong><em>e</em></strong></span> <span class='ocrx_word' id='word_1_510' title='bbox 1005 3859 1090 3922; x_wconf 77' lang='lat' dir='ltr'><strong><em>Orat..</em></strong></span> <span class='ocrx_word' id='word_1_511' title='bbox 1109 3859 1140 3923; x_wconf 87' lang='grc' dir='ltr'><strong><em>ΙΙ,</em></strong></span> <span class='ocrx_word' id='word_1_512' title='bbox 1158 3860 1218 3924; x_wconf 78' lang='grc'>244,</span> <span class='ocrx_word' id='word_1_513' title='bbox 1235 3858 1297 3924; x_wconf 82' lang='grc'>251,</span> <span class='ocrx_word' id='word_1_514' title='bbox 1315 3859 1379 3922; x_wconf 87' lang='grc'>281,</span> <span class='ocrx_word' id='word_1_515' title='bbox 1397 3860 1456 3913; x_wconf 75' lang='grc'>285.</span> 
     </span>
    </p>
   </div>
   <div class='ocr_carea' id='block_1_14' title="bbox 359 3927 1454 3983">
    <p class='ocr_par' dir='ltr' id='par_1_14' title="bbox 359 3927 1454 3983">
     <span class='ocr_line' id='line_1_101' title="bbox 359 3927 1454 3983; baseline -0.005 0"><span class='ocrx_word' id='word_1_516' title='bbox 359 3948 383 3983; x_wconf 87' lang='lat' dir='ltr'><strong><em>a.</em></strong></span> <span class='ocrx_word' id='word_1_517' title='bbox 403 3928 460 3981; x_wconf 91' lang='grc'>121.</span> <span class='ocrx_word' id='word_1_518' title='bbox 478 3928 516 3981; x_wconf 90' lang='grc' dir='ltr'><strong><em>Μ.</em></strong></span> <span class='ocrx_word' id='word_1_519' title='bbox 537 3928 658 3983; x_wconf 88' lang='lat' dir='ltr'><strong><em>Minucio</em></strong></span> <span class='ocrx_word' id='word_1_520' title='bbox 685 3929 758 3983; x_wconf 76' lang='lat' dir='ltr'><strong><em>nuto</em></strong></span> <span class='ocrx_word' id='word_1_521' title='bbox 785 3929 813 3983; x_wconf 88' lang='lat' dir='ltr'><strong><em>fu</em></strong></span> <span class='ocrx_word' id='word_1_522' title='bbox 840 3928 861 3981; x_wconf 91' lang='lat' dir='ltr'><strong><em>il</em></strong></span> <span class='ocrx_word' id='word_1_523' title='bbox 913 3930 950 3982; x_wconf 89' lang='lat' dir='ltr'><strong><em>M.</em></strong></span> <span class='ocrx_word' id='word_1_524' title='bbox 970 3928 1159 3982; x_wconf 84' lang='lat' dir='ltr'><strong><em>Gratidius.</em></strong></span> <span class='ocrx_word' id='word_1_525' title='bbox 1177 3928 1227 3982; x_wconf 90' lang='grc'><strong><em>168</em></strong></span> <span class='ocrx_word' id='word_1_526' title='bbox 1245 3958 1277 3967; x_wconf 93' lang='grc'>-</span> <span class='ocrx_word' id='word_1_527' title='bbox 1303 3928 1407 3983; x_wconf 87' lang='lat' dir='ltr'><strong><em>Nativo</em></strong></span> <span class='ocrx_word' id='word_1_528' title='bbox 1431 3927 1454 3977; x_wconf 88' lang='lat' dir='ltr'><strong><em>di</em></strong></span> 
     </span>
    </p>
   </div>
   <div class='ocr_carea' id='block_1_15' title="bbox 357 3996 861 4135">
    <p class='ocr_par' dir='ltr' id='par_1_15' title="bbox 357 3996 861 4135">
     <span class='ocr_line' id='line_1_102' title="bbox 359 3996 861 4117; baseline 0 -66"><span class='ocrx_word' id='word_1_529' title='bbox 359 3997 466 4051; x_wconf 87' lang='lat' dir='ltr'><strong><em>tribuno</em></strong></span> <span class='ocrx_word' id='word_1_530' title='bbox 479 3997 653 4117; x_wconf 61' lang='lat' dir='ltr'><strong><em>chepropose</em></strong></span> <span class='ocrx_word' id='word_1_531' title='bbox 665 3996 749 4051; x_wconf 80' lang='lat' dir='ltr'><strong><em>l‘ebro</em></strong></span> <span class='ocrx_word' id='word_1_532' title='bbox 769 3998 861 4051; x_wconf 87' lang='lat' dir='ltr'><strong><em>azione</em></strong></span> 
     </span>
     <span class='ocr_line' id='line_1_103' title="bbox 357 4065 861 4135; baseline 0.002 -16"><span class='ocrx_word' id='word_1_533' title='bbox 357 4066 428 4121; x_wconf 89' lang='lat' dir='ltr'><strong><em>delle</em></strong></span> <span class='ocrx_word' id='word_1_534' title='bbox 445 4065 519 4135; x_wconf 77' lang='lat' dir='ltr'><strong><em>leggi</em></strong></span> <span class='ocrx_word' id='word_1_535' title='bbox 550 4065 680 4119; x_wconf 87' lang='lat' dir='ltr'><strong><em>iGracco.</em></strong></span> <span class='ocrx_word' id='word_1_536' title='bbox 693 4096 724 4106; x_wconf 92' lang='lat'>-</span> <span class='ocrx_word' id='word_1_537' title='bbox 776 4082 820 4120; x_wconf 89' lang='lat' dir='ltr'><strong><em>me</em></strong></span> <span class='ocrx_word' id='word_1_538' title='bbox 838 4081 861 4120; x_wconf 88' lang='lat' dir='ltr'><strong><em>e·</em></strong></span> 
     </span>
    </p>
   </div>
   <div class='ocr_carea' id='block_1_16' title="bbox 948 3995 1456 4135">
    <p class='ocr_par' dir='ltr' id='par_1_16' title="bbox 948 3995 1456 4135">
     <span class='ocr_line' id='line_1_104' title="bbox 949 3995 1456 4068; baseline -0.006 -18"><span class='ocrx_word' id='word_1_539' title='bbox 949 3995 1456 4068; x_wconf 71' lang='lat' dir='ltr'><strong><em>Arpino‚futrihunonellO9,Unasua</em></strong></span> 
     </span>
     <span class='ocr_line' id='line_1_105' title="bbox 948 4063 1454 4135; baseline -0.01 -17"><span class='ocrx_word' id='word_1_540' title='bbox 948 4065 1045 4120; x_wconf 85' lang='lat' dir='ltr'><strong><em>sorella</em></strong></span> <span class='ocrx_word' id='word_1_541' title='bbox 1058 4068 1136 4135; x_wconf 82' lang='lat' dir='ltr'><strong><em>sposd</em></strong></span> <span class='ocrx_word' id='word_1_542' title='bbox 1149 4064 1168 4117; x_wconf 92' lang='lat' dir='ltr'><strong><em>il</em></strong></span> <span class='ocrx_word' id='word_1_543' title='bbox 1178 4080 1268 4119; x_wconf 90' lang='lat' dir='ltr'><strong><em>nonno</em></strong></span> <span class='ocrx_word' id='word_1_544' title='bbox 1278 4065 1306 4117; x_wconf 93' lang='lat' dir='ltr'><strong><em>di</em></strong></span> <span class='ocrx_word' id='word_1_545' title='bbox 1315 4063 1454 4119; x_wconf 80' lang='lat' dir='ltr'><strong><em>Cicerone.</em></strong></span> 
     </span>
    </p>
   </div>
   <div class='ocr_carea' id='block_1_17' title="bbox 0 0 1529 4692">
    <p class='ocr_par' dir='ltr' id='par_1_17' title="bbox 0 0 1529 4692">
     <span class='ocr_line' id='line_1_106' title="bbox 0 0 1529 4692; baseline 0 0"><span class='ocrx_word' id='word_1_546' title='bbox 0 0 1529 4692; x_wconf 95' lang='lat' dir='ltr'><strong><em> </em></strong></span> 
     </span>
    </p>
   </div>
  </div>
 </body>
</html>
