3042 4692
519 305 653 366 saurus,
675 307 709 364 11,
727 284 813 352 ’6-9
1196 288 1228 347 ’7

105 423 238 489 ritaset
258 423 365 502 oratio,
387 423 457 488 tum
488 421 622 506 profecto
644 419 715 498 fuit,
739 439 812 486 cum
840 418 1047 504 patrocinium
1069 418 1154 502 pacis
1176 436 1227 484 ex-

105 522 231 586 clusum
253 522 301 588 est
321 523 377 587 aut
391 539 491 586 errore
513 519 673 586 hominum
696 520 752 584 aut
771 518 892 585 timore,
916 519 967 584 lta
984 517 1137 582 nobismet
1151 517 1261 602 ipsios
1287 587 1291 592 ,

103 619 230 697 accidit,
252 622 298 699 nt,
322 636 512 702 quamquam
533 619 633 684 essent
648 616 748 683 multo
767 617 869 702 magis
883 616 947 681 alia
961 615 1106 700 lugenda,
1121 617 1227 680 tamen

103 717 160 782 hoo
183 717 366 798 doleremus,
390 718 480 800 quod,
504 735 563 800 quo
584 718 720 800 tempore
736 716 821 780 aetas
834 717 938 804 nostra
958 713 1120 798 perfuncta
1134 714 1226 780 rebus
1258 789 1264 800 ,

103 815 309 900 amplissimis
323 818 484 900 tamquam
506 815 539 879 in
553 816 677 899 portum
697 813 860 898 confugere
875 812 999 879 deberet
1020 831 1080 876 non
1095 811 1225 877 inertiae

102 933 205 998 neque
226 913 379 999 desidiae,
401 913 454 979 sed
476 913 533 979 otii
555 912 705 978 moderati
728 914 822 995 atque
844 910 981 1008 honesti,
1004 929 1136 992 cumque
1157 910 1226 992 ipsa

103 1011 202 1076 oratio
223 1011 287 1076 iam
310 1012 413 1076 nostra
435 1011 608 1076 canesceret
629 1010 816 1092 haberetque
838 1028 926 1074 suam
945 1007 1113 1092 quamdam
1128 1007 1227 1072 matu-

103 1109 231 1174 ritatem
257 1111 289 1174 et
311 1109 400 1192 quasi
423 1110 623 1187 senectutem
638 1109 707 1174 tum
723 1126 810 1172 arma
824 1108 897 1173 sunt
911 1125 947 1172 ea
962 1108 1095 1190 sumpta,
1112 1105 1225 1188 quibus

101 1205 151 1270 illi
175 1207 249 1290 ipsi,
270 1207 325 1290 qui
340 1206 513 1294 dirimerent
534 1206 574 1272 iis
595 1206 643 1270 uti
666 1205 807 1292 gloriose,
829 1204 1090 1288 quemadmodum
1112 1204 1226 1269 saluta·

102 1304 178 1370 riter
201 1305 373 1384 uterentur,
394 1324 455 1371 nou
477 1304 678 1389 reperiebant.
702 1305 812 1387 ltaque
833 1304 858 1368 ii
873 1303 951 1368 mihi
966 1303 1111 1368 videntur
1131 1302 1260 1375 forto-o

101 1403 173 1468 nate
197 1404 347 1486 beataque
369 1403 480 1470 vixisse
502 1421 573 1469 oum
601 1403 634 1468 in
661 1403 772 1469 oetems
793 1402 974 1468 civitatibus
999 1404 1068 1466 tum
1091 1401 1224 1467 maxime

102 1500 134 1564 in
156 1503 276 1581 nostra,
304 1501 418 1586 quibus
444 1521 515 1568 aum
542 1501 725 1567 auctoritate
752 1520 916 1585 rerumque
945 1501 1103 1586 gestarum
1125 1500 1225 1586 gloria

101 1599 171 1663 tum
197 1599 295 1665 etiam
317 1600 486 1683 sapientiae
512 1599 604 1666 laude
634 1599 750 1684 perfrui
780 1599 881 1664 licuit.
915 1597 1053 1679 Quorum
1075 1599 1225 1664 memoria
1260 1647 1262 1653 -

102 1831 124 1867 r.
138 1813 199 1881 r,4.
220 1844 254 1856 -
273 1819 376 1870 auctor.
394 1820 420 1869 ct
445 1815 540 1870 oratio.
569 1799 593 1868 E
623 1813 774 1873 au'endiadi
795 1835 831 1860 ==
852 1812 1014 1883 l‘eloqoenaa
1043 1812 1155 1884 (parole)
1179 1829 1224 1869 aa·

102 1885 225 1939 torevole.
244 1915 279 1927 -
298 1901 396 1950 maora,
415 1887 425 1940 i
443 1885 515 1941 codd.
535 1886 580 1954 piu
599 1885 742 1940 autoravoli
771 1885 857 1939 donno
877 1891 978 1940 terrore
995 1884 1042 1939 ohe
1060 1887 1074 1938 ὲ
1091 1883 1223 1939 evidente-

102 1961 189 2011 mcnto
218 1960 346 2012 mostrato
371 1957 437 2012 falso
465 1957 499 2012 da
527 1958 626 2011 riuum.
654 1956 730 2010 Assai
758 1957 900 2010 linamente
917 1961 979 2010 noto
1007 1957 1027 2010 il
1055 1955 1221 2027 Bernhardy:

107 2045 254 2083 «moram
272 2027 338 2084 dicit
356 2028 486 2083 levissime
504 2028 612 2083 consilia
630 2028 727 2082 civium
746 2027 823 2082 fatali
844 2027 958 2098 quadam
977 2028 1003 2082 vi
1021 2035 1151 2095 corrupta,
1170 2044 1222 2097 quo

103 2099 215 2154 refertur
233 2115 316 2168 graec.
336 2101 521 2166 dactilibus»
537 2124 574 2147 =
586 2099 783 2154 allucinazione.
796 2099 819 2153 E
831 2099 960 2153 l'Ellendt
977 2099 1013 2153 ha
1031 2099 1077 2168 qui
1087 2098 1155 2152 bene
1166 2115 1222 2154 rar·

103 2170 219 2226 vicinato
235 2171 255 2225 il
275 2187 347 2224 verso
365 2169 391 2222 di
411 2170 497 2238 Vespa
521 2171 580 2225 «Di
598 2170 705 2225 meliora
719 2172 776 2240 piis,
793 2187 956 2240 erroremque
973 2169 1094 2224 hostibus
1105 2168 1221 2225 illom'».

103 2272 134 2282 -
153 2243 299 2298 bominum.
320 2239 424 2296 Intendi
450 2241 469 2294 il
498 2243 598 2312 partito
625 2243 778 2311 pompeiano
802 2241 967 2296 abbracciato
987 2243 1069 2310 prima
1088 2242 1169 2296 anche
1187 2241 1222 2296 da

104 2312 154 2368 Cic.
173 2315 202 2368 in
221 2313 356 2384 generale:
374 2329 388 2364 e
408 2311 520 2382 Pompeo
546 2314 574 2367 in
602 2314 765 2383 particulare.
784 2343 820 2352 -
896 2317 926 2370 8.
946 2330 1110 2382 quamquam
1127 2320 1220 2368 assem.

107 2383 278 2454 Quamquam
305 2383 345 2438 ne'
365 2384 493 2452 prosatori
520 2385 668 2454 dell'epooa
686 2385 731 2439 cic.
751 2387 765 2437 b
783 2383 909 2438 oostmito
936 2383 963 2438 di
991 2385 1079 2453 regola
1105 2384 1220 2438 ooll'ind.

105 2455 233 2524 (Schultz,
246 2455 307 2517 247,
320 2458 348 2519 43
360 2454 483 2524 Madwig,
503 2455 563 2521 361,
577 2455 608 2510 A.
620 2456 660 2526 3);
679 2457 725 2526 qui
743 2455 838 2518 insece.
857 2471 930 2510 corna
953 2456 979 2509 al
998 2473 1023 2508 n.
1043 2455 1060 2508 6
1077 2454 1180 2520 fucaret,
1200 2456 1220 2510 il

103 2533 234 2582 contrasto
247 2527 331 2597 logico
344 2529 387 2581 tra
399 2526 419 2578 il
431 2527 544 2593 pensiero
555 2527 624 2581 della
637 2544 708 2596 prop.
719 2526 878 2596 dipendesta
889 2544 904 2581 a
915 2527 1003 2596 quello
1012 2526 1082 2580 della
1092 2527 1171 2595 princ.
1184 2526 1221 2581 ha

103 2601 238 2668 strappato
257 2616 272 2652 a
291 2599 346 2654 Cic.
365 2598 385 2650 il
403 2613 476 2666 cong.
496 2597 529 2652 Se
549 2600 612 2651 n'ha
631 2600 741 2666 qualche
760 2599 830 2652 altro
848 2601 967 2668 escmpio
985 2629 1021 2639 -
1035 2598 1219 2666 perfuncta...

103 2671 219 2740 amplias.
232 2669 270 2724 Lo
283 2673 365 2723 stesso
377 2669 493 2738 pensiero
511 2670 534 2723 si
547 2670 623 2738 lagga
635 2671 663 2724 in
676 2671 708 2724 de
722 2669 779 2734 Oa,
792 2669 813 2733 1,
827 2669 878 2724 3-4.
890 2700 924 2711 -
933 2670 1043 2724 dederet.
1060 2687 1084 2724 v.
1097 2671 1114 2722 4
1121 2676 1219 2739 posset.

103 2770 134 2780 -
153 2741 275 2796 inertas.
290 2741 419 2810 Risponde
430 2739 464 2794 ad
476 2742 526 2794 otu'i
535 2742 668 2797 moderati
677 2767 712 2787 =
724 2741 891 2809 inoperositb.
904 2771 938 2782 ·
951 2742 1076 2796 desdiae.
1091 2741 1220 2810 Riaponde

103 2811 133 2864 ad
145 2813 252 2869 bonuti
262 2835 297 2858 =
310 2810 476 2874 insinuandis.
491 2842 524 2852 -
537 2821 657 2881 cumque.
670 2813 769 2866 Perche
781 2813 801 2865 il
814 2828 874 2866 cum
887 2813 1029 2882 temporale
1041 2813 1077 2867 ha
1088 2811 1109 2864 il
1121 2813 1218 2882 aongfl

104 2882 221 2949 Schultz,
239 2883 306 2948 256;
325 2881 448 2951 madrig,
467 2883 529 2948 358,
549 2885 580 2938 A.
591 2885 616 2940 3.
627 2915 661 2926 -
680 2885 743 2938 ium.
763 2883 873 2939 Arverti
891 2900 969 2948 come,
988 2901 1033 2954 par
1051 2883 1142 2938 affetto
1154 2887 1219 2938 reto

104 2954 223 3022 rico,non
241 2955 268 3008 di
288 2971 345 3008 raro
364 2953 414 3008 due
433 2955 520 3022 parole
538 2956 584 3009 che
603 2973 664 3009 sono
683 2957 854 3025 logicamente
873 2956 954 3019 nnita,
965 2972 1081 3024 vengono
1100 2960 1219 3025 separate

103 3041 145 3093 per
163 3026 327 3080 l'inscruione
344 3025 370 3079 di
390 3025 507 3080 un'altra
525 3027 572 3080 che
590 3027 612 3080 si
631 3027 743 3081 riferisce
761 3027 796 3080 ad
816 3026 951 3081 ambedue.
971 3057 1006 3068 —
1023 3034 1219 3081 canesceret:

103 3098 259 3152 cominciava
276 3114 328 3151 a...
348 3096 503 3166 L'inragine,
516 3114 586 3152 come
605 3099 626 3151 si
645 3115 733 3166 saurga
752 3098 794 3166 poi
812 3097 933 3168 (matur.)
945 3100 959 3150 b
970 3097 1038 3151 tulta
1050 3097 1122 3151 dalla
1134 3098 1218 3166 spirea,

103 3168 155 3234 che,
174 3167 279 3239 quaudo
297 3169 318 3222 il
335 3185 418 3238 grano
436 3171 450 3221 b
469 3175 581 3235 maturo,
600 3170 677 3238 perde
696 3170 715 3223 il
733 3169 802 3223 color
821 3169 904 3223 sarde.
925 3167 1015 3222 Anohe
1027 3168 1149 3235 Quintil..
1169 3169 1218 3237 XI,

105 3239 126 3303 1,
138 3240 169 3294 31
191 3255 323 3310 paragona
342 3240 501 3308 l’eloquenaa
519 3241 566 3294 che
585 3240 696 3294 s'addice
715 3241 740 3294 ai
759 3240 864 3310 giovani
883 3239 909 3293 al
930 3256 1013 3309 grano
1030 3240 1073 3293 uel
1093 3241 1168 3310 pleno
1185 3241 1219 3295 ri-

87 3349 91 3360 .
103 3311 187 3381 pogiis
200 3312 300 3381 (prmus
307 3310 418 3381 plausum
464 3318 578 3366 erectum
624 3313 717 3366 audam
759 3312 947 3381 praecultum).
962 3342 995 3350 —
1008 3312 1068 3380 apsa
1079 3335 1115 3358 =
1126 3313 1217 3367 anche.

103 3411 134 3420 -
152 3383 194 3437 ulls·
210 3383 265 3450 ipsi
276 3407 310 3429 =
322 3382 420 3452 perfluo
438 3382 528 3451 quelli.
548 3383 644 3437 Allude
662 3399 678 3436 a
697 3383 810 3452 Pompso
822 3399 836 3437 a
848 3383 949 3438 (leuare.
963 3413 997 3422 -
1015 3383 1217 3452 asponae..

103 3454 257 3508 saumriur
274 3459 421 3508 uterentur.
441 3453 465 3508 ll
483 3454 598 3509 chiasmo
617 3454 656 3507 de'
669 3452 720 3508 due
738 3453 855 3508 avverbii
875 3453 900 3508 la
919 3452 1030 3524 spiccare
1052 3454 1072 3508 il
1084 3458 1217 3509 contrasto

104 3525 142 3577 tra
159 3525 184 3579 le
202 3524 252 3579 due
270 3524 334 3580 idee.
354 3555 388 3566 -
461 3529 492 3582 9.
511 3526 610 3594 itaque.
634 3525 719 3579 Torua
744 3526 772 3579 al
799 3526 916 3595 pensiero
943 3527 1083 3579 interrotto
1100 3526 1127 3579 al
1146 3543 1172 3580 u.
1191 3527 1217 3592 6,

103 3595 284 3666 agginugendo
303 3595 418 3650 l’nltima
436 3596 542 3665 ragione
560 3613 605 3666 per
622 3597 663 3651 cui
682 3597 704 3650 si
723 3597 787 3650 dere
814 3595 941 3651 insidiare
958 3597 986 3650 la
1005 3603 1088 3651 morte
1109 3595 1137 3650 di
1159 3596 1217 3653 om

104 3695 134 3704 —
152 3667 288 3732 munau
307 3667 373 3722 beat.
393 3668 488 3722 uacuae
500 3691 536 3714 =
548 3667 700 3722 condumam
728 3684 780 3722 una
807 3668 865 3721 vita
882 3667 959 3722 beata
977 3685 991 3722 e
1009 3669 1162 3739 tranquilla.
1181 3699 1217 3710 -

103 3745 169 3794 auct.
188 3755 332 3807 rarumque
348 3743 412 3808 pot.
429 3739 526 3808 pleuto.
539 3739 618 3793 Altra
630 3739 735 3794 endiadi
745 3765 782 3786 =
794 3738 931 3794 l'eutorita
943 3739 991 3794 che
1002 3756 1177 3810 accompagoa
1190 3741 1217 3795 la

103 3807 182 3876 gloria
200 3810 226 3865 di
244 3810 337 3880 prandi
357 3811 474 3878 irrrprese.
495 3841 527 3850 -
545 3813 693 3881 sapiemus
712 3811 870 3866 lauder-il
889 3813 982 3865 merito
1000 3812 1027 3866 di
1045 3815 1120 3882 saggi
1139 3812 1217 3867 citte-

103 3877 162 3934 dini.
181 3881 255 3938 Collo
274 3885 354 3935 stesso
373 3883 489 3950 pensiero
506 3898 588 3937 arasa
606 3882 659 3938 Cio.
679 3883 833 3936 cominciato
854 3883 875 3936 il
900 3883 932 3937 de
955 3883 1011 3945 Or..
1025 3882 1047 3953 l,
1062 3886 1084 3938 1.
1103 3913 1139 3924 -
1156 3900 1216 3952 per·

103 3949 290 4021 smi=goder
307 3951 360 4006 lino
378 3951 536 4007 all'ultimo.
555 3983 590 3994 -
611 3953 740 4023 Quorum.
766 3953 978 4024 comprendendo
998 3961 1040 4010 trs
1058 3953 1097 4024 gli
1115 3954 1215 4009 nomini

103 4023 194 4089 quodum
209 4041 268 4094 sap.
288 4023 367 4078 hudo
380 4023 467 4091 perri.
487 4025 526 4078 lic.
546 4025 627 4080 anche
645 4025 684 4096 gli
703 4025 809 4090 oratori,
828 4027 882 4081 Cio.
893 4027 916 4080 si
930 4044 992 4097 apra
1010 4027 1037 4081 la
1055 4026 1125 4080 siaa
1141 4025 1215 4080 farne

105 4092 127 4146 la
143 4096 229 4150 storia.
248 4125 284 4138 -
302 4095 427 4150 memoria
445 4100 470 4150 at
487 4111 538 4152 rec.
559 4097 700 4152 Tradorrai
712 4097 737 4152 le
749 4098 800 4151 due
813 4098 901 4167 parole
917 4097 944 4152 di
962 4098 1037 4170 quasi
1057 4096 1171 4152 identico
1182 4095 1214 4154 si·
