3042 4692
307 239 363 298 176
694 259 728 302 u.
746 257 849 300 runnu
869 257 1027 300 cronuoms

305 371 337 433 in
360 370 460 434 causis
482 368 697 453 cognoscendis
713 368 989 452 componendisque
1003 367 1147 455 diligens,
1164 369 1286 454 magnis
1299 369 1424 452 laboris,

306 467 423 532 multae
455 485 563 550 operae
595 467 831 549 multarumque
863 485 1036 532 causarum.
1073 467 1142 532 Duo
1170 467 1266 532 etiam
1293 467 1424 541 Metelli,

234 574 285 626 247
306 564 393 630 Celer
416 567 448 630 et
469 564 579 649 Nepos,
603 564 743 630 nonnihil
766 565 799 628 in
822 566 925 629 causis
946 564 1060 631 versati
1082 583 1138 629 nec
1153 566 1219 630 sine
1232 565 1358 650 ingenio
1373 584 1426 629 nec

305 661 431 742 indocti,
453 663 509 728 hoc
532 665 620 726 erant
641 662 788 746 populare
810 661 933 726 dicendi
955 681 1053 745 genus
1074 661 1224 728 adsecuti.
1247 661 1303 727 (ln.
1319 664 1423 727 autem

304 760 456 826 Lentulus
478 760 680 825 Marcellinus
706 777 761 824 nec
790 779 941 842 umquam
962 753 1131 826 indisertus
1157 761 1243 826 etin
1264 760 1426 826 consulatu

242 927 245 934 ,
304 859 503 942 pereloquens
526 858 610 923 visus
632 859 688 936 est,
710 876 770 923 non
793 857 902 922 tardus
924 858 1101 938 sententiis,
1123 877 1183 924 non
1206 859 1294 942 inops
1316 857 1424 932 verbis,

304 975 376 1022 voce
397 973 517 1034 canora,
540 955 659 1020 facetus
680 956 765 1020 satis.
783 955 816 1020 0.
832 955 1003 1020 Memmius
1018 956 1054 1021 L.
1069 957 1105 1021 F.
1128 956 1284 1040 perfectus
1300 955 1426 1032 litteris

305 1053 357 1120 sed
381 1051 516 1132 Graecis,
539 1053 716 1118 fastidiosus
739 1072 811 1118 sane
829 1053 1024 1132 Latinarum,
1046 1057 1178 1140 argutos
1200 1056 1301 1120 orator
1316 1053 1425 1119 verbis-

305 1170 364 1234 que
386 1150 498 1234 dulcis,
521 1150 574 1215 sed
596 1150 719 1236 fugiens
741 1170 800 1216 non
823 1150 914 1216 modo
935 1149 1073 1230 dicendi,
1095 1171 1204 1216 verum
1226 1151 1324 1216 etiam
1346 1151 1426 1235 cogi-

305 1248 391 1314 tandi
413 1248 561 1327 laborem,
582 1248 706 1314 tantum
729 1249 790 1313 siti
813 1249 850 1314 de
873 1248 1023 1314 facultate
1037 1248 1180 1328 detraxit,
1196 1251 1353 1331 quantum
1369 1248 1424 1312 im-

304 1345 421 1411 minuit
442 1346 621 1411 industriae.

234 1457 286 1514 248
389 1443 502 1509 LXXI.
535 1444 602 1509 Hoc
627 1443 693 1510 loco
718 1445 852 1510 Brutus:
884 1438 988 1525 Quam
1015 1445 1143 1520 vellem,
1173 1444 1295 1527 inquit,
1320 1445 1424 1510 dehis

305 1542 400 1606 etiam
421 1542 602 1620 oratoribus,
625 1542 679 1625 qui
702 1542 793 1607 hodie
815 1543 898 1620 sunt,
921 1542 980 1607 tibi
1002 1541 1103 1608 dimne
1124 1542 1254 1608 liberet!
1278 1545 1320 1619 et,
1344 1542 1370 1607 si
1391 1541 1424 1604 de

304 1639 376 1704 aliis
398 1640 515 1718 minuS,
538 1638 575 1705 de
598 1638 717 1706 duobus
740 1642 863 1724 tamen,
886 1660 963 1722 quos
984 1659 1002 1704 a
1029 1643 1059 1705 te
1086 1641 1148 1705 scio
1175 1638 1298 1705 laudari
1322 1640 1424 1716 solere,

305 1738 432 1804 Caesare
451 1739 486 1810 ¹et
507 1737 666 1817 Marcello,
689 1738 829 1804 audirem
849 1757 907 1803 non
923 1739 1027 1804 minus
1048 1739 1193 1816 libenter,
1209 1757 1305 1822 quam
1322 1737 1424 1803 audivi

304 1837 341 1901 de
363 1836 413 1914 iis,
436 1836 490 1918 qui
515 1835 650 1901 fuerunt.
817 1896 820 1904 .

347 1933 409 1998 (lun
439 1934 591 1998 tandem?
623 1935 763 2017 inquam.
793 1953 831 1998 an
860 1937 1015 2020 exspectas
1042 1934 1117 2018 quid
1145 1954 1200 2019 ego
1230 1933 1370 2000 iudicem
1392 1933 1425 1996 de

304 2032 384 2110 istis,
407 2032 460 2112 qui
484 2031 543 2096 tibi
566 2035 639 2096 sunt
660 2051 756 2114 aeque
779 2032 843 2097 noti
866 2051 902 2096 ac
924 2033 1027 2096 mihi?

305 2253 382 2309 247.
401 2253 455 2307 duc
472 2252 582 2307 Metelli.
602 2270 626 2306 v.
647 2252 710 2306 Dia.
727 2252 811 2323 dioec.
833 2281 867 2292 -
885 2252 997 2306 nonnil.
1011 2255 1144 2307 ..cereali
1154 2278 1190 2302 =
1200 2269 1253 2307 non
1275 2268 1355 2306 senza
1372 2269 1424 2322 pra·

305 2325 358 2377 tica
376 2323 581 2394 nell'eloquenna
599 2323 764 2392 giudiniaria.
783 2354 818 2363 -
836 2324 944 2378 indocti.
963 2341 989 2378 u.
1009 2323 1070 2377 213.
1088 2355 1124 2363 -
1142 2323 1192 2378 hoc
1205 2340 1270 2392 pop.
1288 2340 1383 2394 penae.
1402 2324 1423 2376 ll

305 2412 376 2464 pron.
396 2394 514 2450 tecnon
532 2394 619 2449 indica
637 2394 683 2464 qui
702 2411 815 2449 nessuna
834 2395 962 2448 relacione
980 2397 1012 2448 nt
1030 2393 1057 2448 di
1076 2397 1164 2463 tempo
1182 2398 1215 2448 ne
1232 2395 1260 2448 di
1278 2394 1370 2463 luogo,
1386 2411 1423 2448 mn

305 2466 421 2537 anticipa
440 2467 467 2520 la
485 2465 676 2519 dichiaranione
704 2465 745 2519 del
763 2482 849 2534 pecus
872 2466 985 2531 dicendi,
1003 2465 1051 2520 che
1068 2469 1082 2518 e
1100 2467 1143 2536 poi
1161 2466 1283 2534 spicgata
1300 2465 1423 2534 dall’agg.

301 2537 433 2605 populare
445 2563 480 2582 =
493 2537 541 2592 tec
560 2537 611 2590 dic.
627 2553 715 2605 penas
733 2537 808 2604 quod
822 2537 953 2604 populare
970 2552 1105 2591 coeamus.
1123 2536 1166 2590 Ed
1179 2540 1194 2590 t
1206 2537 1370 2606 l'eloquonzn
1382 2537 1423 2589 che

305 2609 347 2660 noi
367 2607 491 2660 diremmo
515 2607 706 2661 «tribunicia»
731 2625 745 2660 o
771 2607 822 2660 «di
840 2609 931 2678 pianaa
943 2630 969 2661 ›.
988 2625 1012 2662 v.
1035 2609 1093 2672 136,
1109 2607 1167 2662 165.
1185 2606 1247 2661 Non
1264 2607 1342 2662 credo
1360 2610 1423 2677 pero,

306 2695 376 2731 come
395 2694 473 2746 pensa
492 2678 512 2730 il
530 2677 625 2747 Meyer,
645 2679 737 2733 chain
756 2678 811 2732 tale
829 2679 986 2748 capressione
1010 2679 1033 2732 si
1053 2679 1192 2732 racchiuda
1211 2696 1247 2731 un
1266 2679 1422 2732 sentimento

306 2749 333 2802 di
352 2749 450 2804 minore
468 2749 681 2813 considerazione,
700 2750 727 2802 in
746 2749 882 2803 confronto
900 2750 1105 2819 dell'eloqnenza
1116 2749 1283 2820 gindiniaria.
1302 2767 1331 2803 u.
1351 2750 1422 2804 lose

306 2821 337 2874 de
358 2818 445 2884 Oret,
463 2820 499 2884 ll,
519 2819 579 2873 324.
600 2852 633 2862 —
655 2821 703 2876 Oa.
722 2820 865 2875 Lentulos.
878 2838 902 2874 v.
917 2821 980 2875 Die.
999 2821 1083 2890 hicce.
1099 2851 1131 2860 -
1144 2821 1297 2876 el=anzi.
1311 2821 1424 2875 -m‘suo

305 2891 419 2946 est=si
438 2891 489 2944 fece
508 2908 647 2946 conoscere.
666 2923 700 2931 -
719 2908 776 2946 non
794 2893 889 2946 turdus
907 2898 973 2946 seat.
986 2917 1023 2937 =
1034 2896 1127 2962 pronto
1146 2892 1374 2947 nell'innenzione.
1392 2921 1423 2930 -

305 2963 449 3087 ποιέἕιῖορε
466 2963 723 3089 vegbi521=f²9⁰¹¹d⁰
741 2963 917 3088 (goeunbione).
940 2993 975 3002 —
993 2962 1147 3097 sceleturzuuv.
1168 2962 1265 3087 6.(ἷῶ
1284 2979 1422 3087 vgeeficctrg.

306 3051 329 3086 v.
403 3063 512 3088 .-.
568 3051 728 3088 emmaum.
779 3052 812 3087 aa.
893 3051 972 3088 r.-
1050 3050 1217 3087 .a.=·e
1261 3051 1290 3087 ra
1365 3051 1422 3086 nr.

305 3105 353 3158 Pit
377 3105 599 3174 frequentemcnte
607 3105 678 3175 perf.
689 3107 719 3159 ia
733 3105 782 3160 litt.
795 3136 830 3145 -
841 3051 892 3158 segg
901 3050 1036 3159 Graec&
1033 3123 1057 3158 v.
1071 3105 1136 3158 Dia.
1150 3105 1235 3174 tiopr.
1249 3133 1285 3144 -
1297 3104 1390 3170 suntid

304 3177 380 3230 latire.
393 3201 430 3222 τε
442 3177 574 3246 sdegnava
593 3177 619 3230 la
638 3176 796 3230 letteratura
814 3177 906 3229 latina.
926 3194 949 3229 v.
969 3178 1033 3229 Dia.
1057 3177 1140 3246 biopr.
1160 3205 1195 3214 —
1213 3182 1339 3244 aepactas.
1358 3173 1422 3228 uile

305 3246 391 3301 riscilo
410 3247 573 3302 all'a'coverato'c
585 3272 621 3293 =
633 3247 760 3301 brillantc
779 3264 824 3317 per
842 3247 866 3300 lc
885 3248 948 3301 idee.
968 3264 992 3300 v.
1006 3247 1048 3300 65.
1062 3278 1095 3286 -
1109 3247 1178 3301 cert.
1198 3246 1286 3300 duos
1297 3271 1335 3292 =
1347 3246 1374 3299 di
1385 3261 1423 3314 pa-

305 3317 360 3370 role
372 3317 523 3372 insinuante
541 3318 682 3388 (elocutio).
702 3349 736 3358 -—
754 3318 863 3390 septiens
874 3342 910 3364 =
922 3318 1028 3372 nemico.
1047 3349 1083 3358 -
1100 3317 1232 3382 saeuite.
1250 3317 1313 3371 234.
1331 3327 1368 3358 ·-·-
1384 3317 1423 3369 de-

306 3393 377 3442 traes.
397 3405 422 3441 u.
442 3389 502 3442 236.
530 3420 565 3428 —
590 3390 748 3444 industriae.
768 3407 792 3444 v.
813 3390 873 3444 ⁶240.
893 3419 925 3429 -
1016 3388 1112 3443 LXXI.
1132 3390 1161 3513 og
1179 3389 1261 3442 Tcrzo
1280 3405 1383 3457 gruppo
1399 3386 1423 3438 di

305 3458 401 3512 oratori
411 3461 619 3528 contemporanei
632 3460 659 3515 di
672 3460 887 3523 Ortensio,a1rcor
897 3461 951 3515 riri
961 3460 1137 3529 all'epocadel
1162 3460 1249 3530 ialogo
1259 3460 1307 3529 (Μ.
1317 3458 1423 3515 Claudio

305 3530 427 3583 Marcello
440 3547 453 3582 e
465 3529 494 3584 O.
509 3529 541 3584 G.
554 3529 658 3602 Cesare)
672 3531 769 3595 LXXI,
782 3531 952 3595 aas-LXXV,
965 3532 1025 3586 262.
1041 3562 1075 3572 -
1147 3535 1225 3590 248.
1244 3548 1329 3600 quom
1340 3531 1422 3584 vellem

305 3617 423 3654 :come
442 3601 509 3655 sarci
528 3605 657 3657 contento.
677 3603 776 3657 Perche
794 3603 882 3658 vellem
910 3620 924 3656 e
952 3619 1002 3656 non
1020 3602 1118 3675 celiae?
1136 3633 1172 3642 -
1190 3603 1223 3656 de
1241 3602 1292 3656 lois.
1312 3601 1337 3655 Il
1354 3617 1421 3671 pron.

304 3671 349 3724 laic
367 3669 462 3724 denota
481 3672 528 3741 qui
546 3673 572 3726 la
590 3673 717 3728 relacione
736 3673 763 3726 di
783 3677 871 3743 tempo
883 3691 930 3727 con
943 3673 985 3727 chi
998 3675 1080 3743 parla.
1099 3705 1134 3713 -
1154 3674 1251 3727 liberet.
1265 3672 1421 3727 Perchtnon

305 3741 405 3796 libeat?
425 3771 458 3780 -
476 3744 635 3798 simoninus
648 3751 778 3800 atamen.
798 3763 822 3798 u.
845 3745 884 3798 15.
904 3776 939 3783 -
957 3745 991 3798 de
1007 3746 1043 3799 iis
1069 3746 1119 3814 qui
1139 3744 1209 3808 facer.
1222 3768 1258 3790 =
1270 3744 1315 3797 dci
1338 3743 1421 3797 morti.

305 3812 403 3867 Perche
415 3814 461 3882 qui
473 3815 505 3868 de
517 3815 551 3869 iis
564 3832 577 3868 e
589 3832 640 3868 non
660 3816 691 3870 de
710 3815 771 3868 lofe?
789 3846 823 3857 -
843 3816 957 3871 tendens.
977 3815 1033 3870 Usa
1051 3817 1071 3868 il
1090 3817 1174 3869 latino
1193 3816 1357 3884 aggiungere
1374 3814 1421 3867 alle

305 3884 440 3954 particelle
457 3886 647 3956 interrogative
674 3893 767 3956 questo
794 3887 924 3951 avverbio,
952 3887 999 3940 che
1022 3887 1185 3956 corrisponde
1207 3887 1233 3940 al
1252 3891 1343 3940 nostro
1367 3885 1422 3938 ‹in-

304 3971 403 4009 somma
416 3978 442 4010 ι.
462 3958 521 4013 Oacr
539 3958 646 4011 tamdem
665 3958 717 4012 isla
736 3958 827 4013 dimo?
839 3982 875 4005 =
887 3957 985 4012 Perche
1003 3959 1132 4011 insomma
1148 3957 1217 4026 parii
1236 3958 1311 4010 oosi‘l
1328 3987 1362 3997 -
1380 3973 1422 4009 aaa.

306 4045 329 4082 v.
351 4027 408 4081 184.
428 4060 462 4069 -
481 4029 549 4097 quid
565 4029 621 4083 iud.
636 4053 672 4076 =
683 4029 705 4082 il
723 4030 776 4082 mio
789 4029 913 4099 giudiaio.
924 4028 1024 4082 Perche
1035 4029 1056 4083 il
1068 4030 1159 4098 congf?
1171 4059 1205 4068 -
1215 4029 1247 4082 de
1265 4028 1332 4082 eun.
1345 4045 1369 4081 v.
1384 4028 1420 4080 12.
