3042 4692
317 276 373 334 Iso
717 290 751 335 n.
768 260 872 336 runnu
892 295 1049 338 orcnnorus
1078 316 1080 319 -

313 403 346 466 in
368 403 485 488 agendo
507 403 672 470 dicendove
687 403 783 469 facias
805 404 895 470 cuius
917 404 1054 470 imitatio
1068 404 1216 472 rideatur.
1244 407 1359 473 LXIII.
1377 407 1435 474 Sed

313 499 353 564 ad
374 502 467 583 paulo
489 501 676 585 superiorem
700 501 833 566 aetatem
856 503 971 568 revecti
993 522 1115 568 sumus:
1138 522 1221 569 nunc
1242 505 1282 569 ad
1302 523 1384 584 eam,
1401 506 1434 570 de

314 616 376 680 qua
397 599 595 682 aliquantum
618 618 726 664 sumus
747 599 856 678 locuti,
879 601 1081 666 revertamur.

242 703 295 758 226
356 693 545 762 Coniunctus
565 695 671 782 *igitur
693 695 814 780 Sulpici
847 698 942 763 aetati
972 697 1009 763 P.
1031 699 1192 764 AntIstius
1213 700 1297 778 init,
1327 701 1436 765 rabula

313 811 385 858 sane
406 793 586 878 probabilis,
609 795 664 878 qui
696 795 813 860 multos
835 815 907 860 eum
936 797 1087 862 tacuisset
1115 815 1211 862 annos
1241 817 1343 881 neque
1371 818 1435 864 eon-

313 892 411 956 temni
433 893 543 970 solum,
567 891 619 957 sed
641 891 764 957 irrideri
785 893 882 958 etiam
905 893 1016 958 solitus
1037 897 1127 973 esset,
1149 895 1183 959 in
1199 895 1364 961 tribunatu
1379 898 1435 980 pri·

313 1008 400 1054 mum
423 991 529 1054 eontra
555 987 588 1054 0.
616 989 679 1054 Iuli
706 990 796 1055 illam
818 991 999 1056 consulatus
1020 992 1203 1075 petitionem
1228 993 1434 1058 entraordina-

313 1087 393 1150 riam
415 1105 519 1151 veram
545 1105 671 1151 causam
701 1107 795 1172 egens
824 1091 871 1154 est
898 1089 1063 1172 probatus:
1085 1093 1119 1155 et
1145 1109 1181 1156 eo
1209 1090 1333 1176 magle,
1357 1091 1435 1174 quod

313 1181 453 1248 eamdem
475 1201 601 1250 cansam
631 1204 702 1250 cum
724 1188 840 1270 ageret·
859 1187 927 1251 eius
948 1179 1068 1272 collega
1100 1187 1155 1253 ille
1176 1188 1243 1271 ipse
1266 1187 1434 1272 Sulpicius,

313 1279 365 1345 hic
386 1281 478 1364 plura
503 1285 535 1346 et
561 1283 699 1348 acutiora
721 1282 854 1348 dicebat.
885 1284 995 1366 ltaque
1024 1287 1094 1368 post
1118 1285 1316 1350 tribunatum
1338 1287 1435 1368 primo

314 1377 431 1443 multae
460 1377 500 1442 ad
521 1398 594 1444 eum
622 1399 751 1462 causae,
780 1379 891 1446 deinde
920 1401 1025 1447 omnes
1046 1382 1199 1446 maximae
1222 1402 1434 1466 quaecumque

243 1470 294 1527 227
314 1478 402 1540 erant
421 1476 645 1543 deferebantur.
668 1479 746 1544 Rem
769 1479 894 1544 ridebat
914 1482 1015 1559 acute,
1038 1480 1238 1562 componebat
1259 1481 1435 1568 diligenter,

314 1575 461 1644 memoria
482 1576 621 1652 velebat3
644 1575 745 1641 verbis
767 1595 826 1641 non
848 1577 904 1642 ille
926 1576 1055 1659 quidem
1071 1578 1187 1643 ornatis
1208 1580 1370 1659 utebatur,
1386 1580 1435 1645 sed

314 1675 417 1738 tamen
440 1693 498 1740 non
521 1674 671 1749 abiectis;
701 1673 842 1757 expedita
864 1678 971 1740 autem
993 1678 1060 1741 erat
1089 1678 1121 1740 et
1141 1675 1289 1759 perfacile
1312 1697 1435 1743 currens

313 1772 420 1856 oratio,
442 1775 474 1837 et
495 1774 563 1836 erat
584 1773 651 1837 eius
673 1772 802 1855 quidam
823 1775 986 1855 tamquam
1014 1773 1142 1838 habitus
1163 1793 1223 1840 non
1249 1776 1434 1849 inurbanus

313 1868 394 1934 actio
415 1871 542 1952 paulum
567 1889 639 1934 cum
661 1869 737 1934 vitio
759 1870 842 1935 vocis
870 1873 940 1934 tum
962 1871 1058 1936 etiam
1080 1871 1207 1956 ineptiis
1228 1872 1435 1938 claudicabat

313 1967 374 2032 Hic
389 1967 580 2051 temporibus
594 1967 700 2032 floruit
715 1967 765 2045 fis,
780 1967 895 2049 quibus
909 1967 991 2032 inter
1002 1969 1222 2051 profectionem
1238 1969 1435 2053 reditumque

314 2065 348 2129 L.
365 2063 471 2129 Sullae
486 2065 552 2128 sine
575 2064 642 2128 iure
657 2065 718 2129 luit
733 2067 765 2130 et
786 2065 852 2130 sine
874 2065 942 2130 ulla
964 2065 1117 2150 dignitate
1140 2085 1189 2130 res
1210 2067 1358 2149 pubIIca:
1380 2069 1435 2132 hoc

313 2217 345 2272 ed
362 2216 372 2270 i
390 2217 460 2286 poeti
478 2233 560 2271 usaue
587 2215 631 2284 piu
655 2215 881 2286 frequentamenta
898 2217 972 2271 adeo.
991 2247 1025 2256 -
1043 2218 1074 2271 ia
1091 2218 1196 2286 spendo
1207 2241 1244 2264 =
1255 2218 1284 2272 in
1303 2224 1380 2273 tutto
1399 2221 1434 2274 ci'o

313 2287 359 2344 che
377 2288 412 2342 ba
430 2289 558 2342 relacione
576 2287 616 2341 col
633 2293 717 2356 gesto.
735 2318 771 2326 -
789 2290 819 2342 o'n
837 2289 948 2342 diceudo
959 2312 996 2335 =
1007 2288 1050 2342 nel
1078 2288 1154 2342 modo
1171 2288 1199 2342 di
1216 2290 1331 2356 perlate.
1350 2320 1386 2330 -
1405 2292 1436 2344 ri·

313 2360 410 2414 deutur
421 2384 457 2405 =
469 2376 545 2430 posse
563 2358 667 2412 destere
684 2359 705 2412 il
724 2359 783 2412 riso.
803 2359 902 2441 Perche
919 2359 939 2413 il
957 2359 1055 2428 congf?
1072 2387 1108 2400 -
1187 2360 1293 2444 'LXIII
1306 2362 1436 2444 adpaulo

312 2439 506 2556 Silili-l·
525 2429 1202 2569 1707217]ᾎᾶ’7777777777ἱῦιῖ
1214 2432 1435 2558 lunatas

313 2578 395 2642 posto,
414 2573 521 2625 insieme
539 2589 586 2625 con
605 2572 675 2635 altri,
689 2589 735 2624 con
755 2572 880 2641 Sulpicio.
892 2573 998 2626 Dovere
1016 2575 1076 2642 perb
1095 2589 1177 2627 essere
1192 2574 1213 2627 il
1224 2574 1272 2643 pin
1291 2574 1398 2642 giorum
1409 2573 1434 2625 di

314 2643 390 2697 tutti.
404 2659 427 2696 v.
438 2643 502 2696 Dia.
516 2643 598 2711 biopr.
612 2660 626 2696 e
639 2642 740 2697 808-
752 2643 853 2696 rabula
869 2659 936 2698 eone
945 2643 1023 2711 prob.
1034 2669 1071 2691 =
1082 2661 1154 2698 corne
1163 2643 1342 2699 declamatore
1353 2645 1435 2714 degne

313 2717 401 2768 invero
418 2711 527 2766 d’essere
546 2719 696 2782 approvato.
715 2731 739 2766 v.
761 2713 820 2768 188.
839 2744 875 2754 -
893 2720 960 2768 ectr.
981 2716 1055 2782 petit.
1075 2715 1196 2769 Dicevasi
1213 2716 1435 2770 cacumineris

313 2787 403 2853 (eoba
421 2784 550 2854 ordinem)
578 2785 639 2852 ogni
663 2784 837 2839 candidatum
863 2785 981 2856 (psum)
998 2791 1088 2840 contro
1112 2786 1222 2840 l'ordine
1240 2786 1372 2855 stabilito,
1390 2787 1433 2840 che

313 2872 357 2909 ere
374 2855 395 2908 il
414 2859 552 2925 seguente:
571 2855 664 2909 ediIItb
682 2873 697 2907 o
715 2859 851 2925 questura,
868 2861 984 2925 pretore,
1002 2857 1143 2910 consolato.
1163 2856 1253 2912 Ginlio
1281 2856 1378 2911 Cesare
1394 2873 1434 2910 uo-

314 2928 372 2980 lcve
389 2926 423 2980 da
441 2925 508 2980 edile
527 2927 641 2996 aspirare
659 2926 686 2979 al
704 2927 845 2992 consolato,
863 2945 940 2982 senza
958 2928 1044 2997 prIma
1070 2943 1153 2982 essere
1179 2930 1252 2981 stato
1270 2933 1384 2996 pretore.
1403 2958 1434 2966 -

312 3015 400 3053 oerum
418 3013 527 3052 caueam
545 3014 636 3067 aperus.
655 2997 728 3051 Beda
756 2998 811 3052 alla
838 2998 1007 3052 eollocazione
1025 2998 1067 3052 del
1086 2998 1434 3069 predicato=sostenendo

312 3071 338 3124 la
356 3085 435 3124 causa
453 3068 495 3122 dol
513 3069 614 3122 diritto.
635 3099 669 3108 -
688 3068 731 3122 alle
748 3070 806 3137 ipse
824 3069 899 3138 Salp.
920 3087 942 3122 v.
964 3069 1023 3122 177.
1035 3069 1089 3124 Iue
1101 3073 1115 3123 b
1126 3073 1314 3138 contrapposto
1332 3069 1368 3124 ad
1386 3069 1434 3122 bic.

311 3141 424 3210 Ipee=
436 3141 526 3204 anche,
545 3140 651 3208 perfino.
671 3139 807 3208 -plura
824 3145 850 3194 et
868 3147 938 3194 ocul.
958 3141 1063 3194 dicebat
1074 3140 1130 3192 =i
1148 3140 1204 3193 suoi
1229 3141 1382 3209 argomenti
1399 3142 1436 3192 fn·

313 3229 374 3265 reno
392 3211 437 3280 pid
455 3212 585 3264 numerosi
604 3228 618 3265 e
636 3211 681 3280 piir¹
699 3210 770 3265 lorti.
789 3211 921 3280 L'Imperf.
941 3211 1029 3265 indIca
1046 3211 1072 3264 la
1089 3211 1262 3264 correlaaione
1273 3229 1324 3265 oon
1337 3217 1433 3281 operat.

312 3300 337 3336 v.
349 3281 456 3346 Madw„
470 3281 530 3336 337.
550 3313 584 3322 -
603 3287 689 3335 eraut.
708 3281 760 3334 Per
779 3281 878 3336 I'indic.
897 3301 920 3334 v.
939 3282 1056 3346 Schultz,
1070 3281 1130 3345 247,
1149 3285 1179 3346 4;
1197 3281 1306 3346 Medus„
1321 3283 1381 3338 362.
1401 3313 1435 3322 -

312 3353 387 3412 227.
405 3369 461 3406 rem
478 3353 531 3406 oid.
551 3359 783 3422 ocute=sapeva
801 3353 888 3406 subito
906 3369 1022 3422 scorgate
1049 3353 1068 3405 il
1096 3358 1180 3421 punto
1200 3351 1273 3407 della
1292 3355 1432 3423 quistione.

312 3425 340 3480 Si
359 3424 474 3478 riferisce
491 3424 662 3480 all'e'ooeute'o.
681 3452 717 3463 -
735 3439 851 3492 compos.
865 3447 900 3470 =
912 3423 1029 3493 dieporre
1045 3423 1071 3476 le
1088 3424 1160 3492 perti
1182 3423 1368 3478 deII'orazione
1387 3425 1436 3493 (di-

311 3497 441 3565 sposicio).
451 3525 486 3536 -
495 3495 642 3550 meotis:
652 3495 739 3549 scelte.
753 3525 788 3534 —
800 3495 917 3548 admotu.
930 3513 954 3547 v.
967 3495 1027 3549 2¹21.
1038 3523 1073 3534 -
1082 3511 1141 3563 exp.
1155 3495 1262 3564 etperf.
1271 3513 1385 3550 currens
1394 3512 1435 3549 or.

311 3591 347 3613 =
358 3566 468 3635 parlava
486 3583 533 3620 con
552 3566 654 3620 facilit'a
681 3583 694 3619 e
717 3564 833 3634 rapiditd
852 3566 991 3635 (obnube).
1014 3582 1039 3618 v.
1063 3564 1124 3630 220,
1138 3566 1207 3640 ¹221.
1230 3597 1266 3606 -
1284 3569 1346 3622 eius
1362 3567 1434 3636 quid

313 3644 391 3705 Iomq.
411 3637 472 3691 hab.
493 3637 561 3691 Sott.
580 3638 718 3691 orationis.
738 3636 762 3690 Il
782 3642 919 3704 tamquam
942 3653 1015 3690 serve
1032 3652 1048 3690 a
1068 3637 1191 3704 mitigare
1208 3637 1229 3690 il
1248 3638 1364 3691 traslato
1381 3654 1435 3691 rac·

312 3708 400 3762 chineo
418 3708 446 3760 in
466 3708 527 3762 bob.
546 3713 615 3761 orat.
636 3707 702 3760 Pnoi
720 3707 842 3762 tredurre
853 3725 915 3760 =e
932 3707 953 3758 il
971 3724 1017 3760 sno
1029 3707 1092 3760 stile
1103 3707 1126 3760 si
1137 3713 1304 3776 presentare,
1320 3725 1366 3778 per
1382 3712 1434 3762 cosi

311 3779 374 3842 dire,
394 3795 439 3831 con
459 3795 495 3831 un
514 3784 584 3832 certo
611 3783 714 3846 aspetto
742 3778 767 3831 d'
779 3779 910 3832 urbanitb.
930 3778 1020 3831 Anche
1043 3779 1130 3848 questi
1149 3779 1225 3847 pregi
1243 3780 1267 3832 si
1286 3779 1435 3832 rileriscono

311 3843 476 3904 all'eloeutio.
495 3881 530 3890 -
549 3850 663 3918 ineptiis.
683 3849 754 3902 Nota
767 3850 833 3903 l‘nso
845 3848 1023 3903 dell’astratto
1036 3851 1124 3903 insece
1142 3849 1185 3902 del
1202 3851 1436 3918 concreto(e'nepto

266 3915 273 3930 ⁴
307 3921 398 3990 postu)
410 3945 446 3966 =
458 3937 503 3990 per
522 3922 586 3975 certi
605 3921 674 3989 gesti
691 3920 759 3974 fuori
777 3921 804 3973 di
824 3921 902 3988 luogo
919 3921 1017 3988 (actio).
1032 3938 1056 3973 v.
1070 3920 1130 3975 207.
1148 3950 1184 3960 -
1203 3921 1318 3975 ekudre.
1337 3939 1362 3974 v.
1380 3921 1435 3973 214

310 3991 452 4047 claudent.
472 4023 507 4031 —
525 3993 596 4045 iuter
610 3989 722 4059 profect.
743 3992 810 4046 Silla
828 3994 900 4060 parti
918 4007 965 4059 per
976 3989 1103 4045 l'Oriente
1121 3994 1211 4045 contro
1229 3992 1370 4046 Mitridate
1380 3991 1435 4043 nel·

311 4065 398 4118 l'anno
416 4062 459 4118 87.
485 4095 511 4102 -
523 4063 609 4117 'redit
629 4064 739 4115 Ritomo
766 4062 873 4116 nell'82.
893 4091 928 4100 -
946 4063 1002 4115 sine
1023 4062 1131 4116 iure:
1143 4079 1195 4116 non
1219 4063 1329 4116 c’erano
1348 4063 1435 4130 poteri
