3042 4692
340 310 471 371 neurus,
495 311 613 367 111111,
635 312 763 368 nxrxnr,
788 292 947 355 285-286
1148 294 1207 357 209

105 424 164 489 luit.
189 424 364 489 LXXXIII.
387 425 429 488 Et
451 424 577 507 quidem
598 424 658 489 duo
681 424 807 489 fuerunt
829 444 882 509 per
904 425 989 491 idem
1011 426 1136 509 tempus.
1149 424 1209 490 dle·
1225 439 1278 494 286

104 522 206 587 similes
220 523 302 588 inter·
316 541 359 601 se,
380 522 434 588 sed
449 522 550 589 Attici
571 523 690 589 tamen:
715 543 847 607 quorum
862 523 1021 589 Charisius
1035 525 1207 591 multarum

104 621 271 700 orationum,
292 640 372 705 ‚quas
393 621 546 687 scribebat
573 620 660 701 aliis,
683 640 755 687 curn
778 640 888 705 cupere
909 621 1067 690 rideretur
1088 622 1207 687 ImItari

102 719 233 803 Lysiam3
256 720 463 785 Demochares
477 720 592 799 autern,
608 719 663 803 qui
685 718 748 784 fnit
764 720 964 803 Demostheni
987 720 1097 787 sororis
1112 720 1207 797 filins,

103 817 129 880 et
146 815 292 882 orationes
321 816 444 901 scripsit
473 816 593 900 aliquot
614 818 646 882 et
668 836 775 882 earum
798 836 901 883 rerum
924 818 1102 897 historiam,
1130 838 1208 901 quae

101 916 177 979 erant
197 914 329 980 Athenis
343 915 442 999 ipsius
463 916 564 981 aetate
578 917 693 1000 gestae,
715 934 775 981 non
794 917 860 979 tam
875 915 1020 983 historico
1036 934 1130 1001 quam
1145 935 1209 981 ora·
1244 965 1253 971 „

101 1012 168 1077 torio
187 1032 297 1099 genere
319 1012 505 1097 perscripsit.
529 1013 573 1079 Ar
593 1012 715 1079 Charisi
738 1013 808 1079 vult
823 1014 973 1099 Hegesias
996 1034 1061 1081 esse
1084 1014 1208 1094 similis,

100 1109 177 1192 isque
197 1130 229 1176 se
251 1111 297 1184 ita
319 1112 409 1195 putat
423 1110 576 1190 Atticum,
592 1113 629 1176 ut
643 1130 728 1177 veros
744 1112 817 1177 illos
831 1131 904 1196 prae
919 1132 951 1178 se
962 1132 1057 1197 paene
1074 1114 1209 1199 agrestes

100 1209 187 1290 putet.
216 1208 260 1274 At
282 1208 427 1291 quidest
448 1210 514 1274 tam
535 1209 680 1287 fractum,
702 1211 768 1274 tam
797 1209 965 1295 minutum,
989 1211 1109 1276 tamin
1131 1211 1209 1295 ipse,
1227 1224 1278 1279 287

99 1324 183 1388 qnam
205 1308 310 1372 tamen
331 1307 538 1391 consequitur,
556 1307 763 1374 concinnitate
785 1308 924 1393 prrerile?
941 1346 981 1357 -
1000 1309 1209 1377 «Atticorum

98 1404 206 1469 similes
228 1424 294 1470 esse
316 1404 458 1470 volumus
474 1432 503 1470 ».
516 1444 556 1457 -
571 1404 712 1489 Optime:
736 1407 848 1472 suntne
863 1406 962 1491 igitur
982 1407 1015 1473 hi
1033 1407 1132 1472 Attici
1147 1425 1209 1472 ora·

97 1502 191 1567 tores?
207 1540 247 1549 -
266 1528 284 1563 c
300 1501 376 1583 Quis
397 1522 510 1588 negare
528 1504 654 1587 potest?
669 1504 724 1569 hos
738 1502 902 1569 imitamur
917 1530 946 1570 ›>.
963 1542 1004 1551 --
1021 1503 1088 1585 Quo
1110 1503 1208 1583 modo,

98 1600 146 1682 qni
167 1602 239 1667 sunt
261 1603 293 1667 ct
314 1602 395 1667 inter
415 1620 448 1666 se
469 1601 637 1669 dissimiles
658 1604 691 1667 et
714 1602 873 1667 eliorum?
894 1640 934 1649 —-
952 1601 1209 1688 «Thucydidem,

95 1697 201 1780 inquit,
223 1698 388 1764 imitamur
406 1726 436 1765 ».
460 1736 501 1747 -
524 1699 665 1783 Optime,
688 1700 714 1765 si
737 1699 899 1765 historiam
922 1701 1073 1781 scrihere,
1096 1718 1156 1765 non
1183 1700 1210 1763 si

96 1813 196 1861 causas
217 1796 320 1862 dicere
342 1798 494 1884 cogitatis.
517 1796 715 1883 Thucydides
737 1797 821 1863 enim
843 1818 947 1882 rerum
969 1799 1126 1883 gestarum
1141 1816 1210 1881 pro-

94 1894 249 1961 nuntiator
271 1895 408 1961 sincerus
433 1897 465 1961 et
486 1896 612 1982 grandis
641 1896 737 1966 etiam
758 1895 834 1961 init:
858 1897 914 1963 hoc
937 1896 1070 1976 forense,
1093 1914 1211 1961 cancer·
1264 1938 1267 1945 f

94 2136 126 2145 -
196 2106 350 2162 LXXXIII.
370 2111 447 2167 286.
466 2113 492 2163 et
508 2109 662 2177 nnmeruz
677 2114 720 2165 rol
739 2113 782 2177 δὴ,
801 2126 815 2163 e
834 2126 885 2167 nou
910 2108 970 2163 v'ha
988 2106 1085 2163 dubbio
1103 2106 1157 2162 che.
1176 2137 1211 2146 —

97 2178 245 2235 Charisius.
266 2195 291 2232 v.
311 2180 373 2233 Die.
387 2181 477 2249 ‚biogn
497 2176 531 2219 '—
549 2180 623 2235 malt
642 2186 710 2235 orat.
730 2181 798 2235 Sott.
818 2186 884 2235 erat.
904 2180 928 2233 ll
945 2180 1028 2249 genit.
1056 2180 1084 2233 di
1109 2180 1211 2249 qualite

91 2250 105 2300 d
121 2248 264 2303 snll’anelo
285 2250 310 2302 ia
326 2249 354 2303 di
366 2251 461 2307 mulier
472 2251 618 2307 multorum
630 2251 788 2321 nuptiarum
800 2250 849 2320 (ad
856 2252 922 2315 Ate,
936 2250 1012 2313 XIII,
1026 2250 1072 2323 29)
1084 2268 1097 2304 e
1105 2252 1212 2319 poemia

88 2321 238 2378 scottorum
256 2266 416 2386 {habrum
433 2322 489 2394 (pr.
511 2322 591 2387 Geel,
610 2323 717 2393 641-
735 2322 926 2377 Demochares.
946 2340 970 2376 v.
990 2321 1052 2375 Die.
1073 2322 1156 2389 dicer.
1177 2351 1211 2359 —

93 2390 276 2447 Demostheni.
294 2390 333 2446 Im
351 2392 489 2447 desinenza
506 2394 519 2446 i
535 2393 577 2447 del
595 2394 678 2462 genit.
697 2409 749 2446 non
768 2394 781 2446 c
800 2410 859 2449 ram
876 2393 918 2447 nei
936 2392 1006 2447 nomi
1019 2393 1115 2461 proprii
1133 2393 1210 2461 greci,

89 2478 158 2517 corne
175 2463 345 2530 Aristoteles,
365 2464 561 2527 Demosthenes,
577 2464 758 2533 Thucydides,
777 2480 827 2519 cco.
846 2482 871 2519 v.
890 2462 932 2517 29.
952 2492 986 2502 -
1004 2479 1059 2517 non
1078 2469 1132 2519 tane
1151 2463 1210 2517 hist.

90 2549 169 2600 gnam
187 2541 259 2589 erat.
277 2550 382 2602 genere.
401 2534 447 2591 Gli
464 2535 568 2591 antichi
585 2535 678 2589 ebhero
702 2534 772 2589 della
793 2535 875 2591 storia
893 2551 928 2589 un
947 2536 1065 2588 concetto
1084 2550 1157 2587 mene
1176 2550 1211 2589 sc·

90 2619 146 2657 vcro
163 2622 178 2659 e
197 2606 344 2660 scientifico
362 2606 389 2660 di
407 2606 459 2661 noi.
478 2606 502 2659 E
520 2606 574 2662 cic.
593 2609 676 2660 stesso
694 2609 770 2660 trora
789 2622 841 2660 nna
866 2605 964 2675 grande
982 2604 1087 2659 affinith
1106 2606 1148 2659 tra
1166 2604 1211 2658 l'e-

87 2674 215 2745 loquenaa
233 2676 375 2747 epidittica
391 2676 424 2731 ed
443 2694 495 2731 nna
512 2676 596 2731 torma
614 2678 641 2731 di
659 2678 810 2733 narracione
829 2678 931 2731 storica.
951 2694 976 2731 v.
997 2675 1083 2741 Orat,
1098 2676 1140 2731 66.
1160 2676 1210 2741 Qui

89 2748 147 2800 vuol
164 2747 224 2802 dite
243 2748 295 2802 che
311 2748 381 2803 nella
398 2749 480 2804 storia
497 2748 525 2803 di
543 2750 683 2803 Democare
701 2765 745 2803 cra
763 2748 810 2819 pih
822 2748 942 2803 evidente
960 2748 981 2801 il
999 2750 1129 2802 carattere
1143 2752 1211 2801 reto·

87 2818 137 2871 rico
154 2835 170 2873 e
188 2818 316 2884 sofistieo,
335 2818 400 2873 ende
418 2821 445 2873 la
462 2820 613 2874 narracione
639 2820 742 2875 serviro
770 2820 815 2889 pile
838 2820 865 2873 di
885 2836 972 2874 mezzo
990 2819 1094 2903 all'arte
1113 2818 1159 2872 che
1183 2817 1211 2901 di

86 2889 1212 3031 etth-attat.”Isthnnrtllnt¹tttlt·,adstet-vltis

85 3040 204 3102 agrestes
215 3058 257 3080 =
269 3050 332 3104 poco
349 3050 425 3088 meno
443 3034 490 3089 che
507 3034 635 3088 selvatici.
654 3064 690 3073 —
768 3034 844 3092 287.
864 3032 981 3099 fractum
993 3032 1211 3114 :emimentem

85 3103 720 3190 811111ῐί11111111101111111111111912-
747 3102 1215 3188 1111111111311111101111111.ῑ-ὁ
1322 3114 1323 3118 ’

83 3179 273 3304 tlttttftt
280 3174 1212 3317 nhssthtllttttnt't·anttltnttttarnald

84 3318 107 3371 le
126 3319 219 3387 parole
239 3318 397 3374 Artemam
414 3318 672 3373 similesmalohrnm
691 3335 743 3372 una
761 3317 914 3388 ripetizione
941 3316 1036 3371 inutile
1055 3315 1096 3369 del
1115 3333 1140 3369 n.
1160 3315 1212 3369 285

83 3404 143 3457 pare
161 3406 267 3445 ancora
284 3388 331 3443 che
349 3390 395 3459 qui
413 3406 464 3444 non
483 3388 561 3444 abbia
579 3398 653 3444 sense
672 3393 764 3459 questa
777 3390 874 3459 parole,
894 3387 934 3457 poi
945 3388 991 3450 hl,
1012 3387 1064 3456 egli
1083 3386 1153 3441 dice:
1166 3387 1213 3441 che

81 3462 154 3515 aiano
173 3462 281 3516 diversi
299 3460 372 3531 degli
390 3461 454 3515 altri
472 3461 495 3515 si
513 3461 613 3531 capisce
631 3460 835 3526 naturalmente,
854 3477 867 3513 e
886 3462 931 3529 qui
953 3463 975 3513 si
994 3458 1067 3528 parla
1079 3458 1132 3511 solo
1146 3458 1213 3511 delle

83 3529 135 3584 lore
154 3532 314 3603 reciproche
331 3530 464 3586 relationi.
483 3532 528 3586 Ma
553 3532 573 3585 il
599 3532 716 3601 pensiero
734 3532 761 3585 di
781 3531 834 3587 cie.
853 3533 867 3584 d
885 3530 932 3585 che
950 3530 1112 3595 Demostene,
1132 3528 1212 3591 Lisia,

81 3601 194 3669 Iccride,
216 3602 345 3666 EschInc,
364 3602 507 3673 Demetrio,
525 3602 634 3668 Carisio,
652 3602 800 3670 Democere,
825 3602 922 3671 Egesia
941 3618 992 3655 non
1011 3601 1065 3653 solo
1082 3616 1159 3654 erano
1177 3600 1214 3655 di·

81 3675 149 3729 versi
168 3677 249 3730 l'nno
270 3674 422 3741 dall'altro,
441 3691 484 3728 rna
510 3692 563 3729 non
590 3674 823 3745 rassomigliavane
848 3689 962 3743 nappure
981 3672 1014 3725 ad
1032 3672 1124 3725 elcnno
1142 3671 1214 3741 degli

81 3746 144 3801 altri
164 3745 274 3801 oratori
292 3745 376 3799 attin.
394 3776 429 3785 -
450 3745 573 3817 Thncyd.
586 3763 612 3800 r.
631 3743 932 3813 sachsenhusen.
949 3743 1034 3808 Orat,
1049 3742 1092 3797 30.
1102 3774 1137 3783 —
1151 3760 1212 3815 pro·

78 3819 238 3875 nuntiator.
259 3816 451 3872 Pronuntiare
469 3817 589 3889 significa
612 3816 805 3887 propriamcnte
829 3815 954 3885 «perlate
973 3814 1007 3868 ad
1025 3814 1082 3868 alto
1100 3831 1160 3869 voce
1178 3815 1214 3867 in·

79 3891 158 3943 nanzi
187 3890 251 3944 alla
281 3886 450 3943 moltitndine
463 3909 488 3943 ι.
507 3888 559 3956 Qui
577 3888 640 3958 puoi
659 3887 780 3942 tradurre
792 3912 828 3933 =
847 3888 885 3940 «h
903 3886 972 3941 colui
989 3885 1036 3939 che
1062 3885 1182 3939 handIsoe
1201 3902 1214 3937 c

77 3960 157 4031 grida
176 3960 215 4015 ad
236 3959 300 4013 alta
316 3976 378 4015 rece
390 3980 415 4013 ›.
428 3990 462 3999 -
473 3960 595 4015 sincerus
609 3966 636 4013 et
650 3959 766 4029 grandes
777 3983 812 4005 =
824 3975 871 4012 con
891 3958 974 4013 verita
986 3974 1000 4011 e
1012 3955 1151 4011 solennIth.
1164 3956 1214 4008 Nol

76 4030 524 4172 carrithntllsttl
541 4028 964 4159 ‘hithlttttttttdh
976 4026 1214 4169 §stititithili

130 4225 259 4270 crunon,
277 4218 300 4261 Il
312 4216 391 4271 Bruto,
405 4219 557 4263 uinculum.
571 4222 598 4263 da
609 4222 634 4265 P.
643 4221 734 4267 sance.
1136 4214 1162 4255 14
