3042 4692
363 259 494 314 acorna,
517 259 614 313 nourr,
638 261 744 312 xnvrn,
771 242 927 303 lor-177
1146 245 1204 305 1⁶25

100 390 209 456 magnos
237 373 370 436 oratores
395 369 547 435 inciderat
575 371 642 436 eius
669 373 767 436 aetas:
795 372 930 435 multam
951 375 1056 437 temen
1078 391 1201 456 operam

99 469 192 535 amicis
209 472 248 535 -et
270 469 382 534 utilem
403 469 563 552 praebuit,
578 471 684 552 *atqua
706 469 752 534 iba
773 467 827 534 diu
851 469 942 548 vixit,
967 472 1003 534 ut
1028 470 1200 536 multarum
1257 458 1259 463 ¹

100 569 220 632 aetatum
243 566 416 632 oratoribus
437 566 660 649 implicaretur.
684 566 824 630 Multum
846 567 941 632 etlam
963 567 996 631 in
1020 569 1121 632 causis
1139 588 1282 642 vor-175

98 665 208 730 sabatur
229 663 340 730 iisdem
363 663 425 730 fere
447 664 636 748 temporibus
658 664 696 728 D.
723 664 856 742 Brutum
873 665 901 728 is
923 665 977 746 qui
1000 665 1106 730 consul
1128 685 1199 731 cum

98 761 236 828 Mamerco
257 761 328 840 luit,
351 763 442 827 homo
464 763 495 828 et
518 759 643 827 Graecis
666 760 773 826 doctus
795 760 912 826 litteris
934 764 965 826 et
987 761 1117 826 Latinis.
1147 752 1200 826 Di-

95 860 172 925 eebat
192 861 284 926 etlam
307 859 343 924 L.
360 858 463 943 Scipio
485 878 544 925 non
566 859 710 943 imperite
734 847 918 941 Gnaeusque
940 859 1106 942 Pompeius
1132 859 1200 925 Ser.

96 957 125 1021 0.
145 957 275 1042 aliquem
297 975 461 1022 numerum
483 957 650 1024 obtinebat.
673 955 755 1021 Nam
772 955 838 1020 Ser.
855 956 950 1022 freter
964 957 1031 1022 eius
1046 960 1202 1040 praestan·

93 1055 237 1122 tissimum
259 1055 420 1141 ingenium
442 1055 615 1120 contulerat
643 1054 682 1118 ad
705 1073 860 1118 summam
882 1054 961 1120 iuris
981 1053 1084 1119 civilis
1106 1057 1139 1120 eb
1160 1055 1199 1118 ad

94 1153 247 1234 perfectam
269 1153 455 1238 geometriae
477 1155 634 1218 ebrorum
657 1151 830 1218 Stoicarum
853 1152 1015 1218 scientiam
1039 1153 1146 1229 ***;
1169 1155 1200 1218 et

92 1253 227 1316 antehoc
250 1251 292 1315 M.
316 1250 433 1316 Brutus
456 1253 487 1316 et
508 1251 601 1334 paulo
623 1252 692 1333 poet
706 1269 778 1315 eum
801 1249 835 1314 0.
851 1249 1012 1317 Bellienus
1033 1252 1124 1316 homo
1146 1270 1200 1334 per

92 1367 119 1412 se
138 1367 265 1434 magnus
287 1368 379 1433 prope
401 1349 499 1414 simili
528 1349 646 1413 rabone
669 1366 810 1412 summus
836 1350 993 1426 evaserat,
1016 1348 1071 1430 qui
1093 1347 1199 1413 consul

91 1445 181 1510 factus
201 1449 294 1525 esset,
321 1446 380 1512 nisi
404 1446 437 1510 In
463 1445 619 1510 Marianos
648 1447 828 1510 consulatus
854 1447 887 1510 et
913 1446 945 1509 in
968 1463 1020 1511 eas
1040 1445 1200 1529 petitionis

91 1544 239 1626 angustias
261 1543 429 1608 incidIsset.
453 1543 508 1608 Cn.
532 1545 636 1608 autem
652 1542 762 1608 Octavi
785 1543 971 1624 eloquentia
994 1561 1072 1624 quae
1098 1542 1200 1608 fuerat
1220 1558 1280 1611 176

84 1642 152 1705 -anbe
174 1641 368 1708 consulatum
389 1642 540 1726 ignorata,
565 1642 598 1705 in
620 1641 783 1706 consulatu
805 1639 916 1704 multir
938 1641 1130 1705 contionibus
1153 1644 1200 1706 est

90 1739 275 1806 vehementer
296 1741 432 1823 probata.
457 1738 516 1805 Sed
538 1740 577 1804 ab
599 1739 649 1816 iis,
672 1740 726 1822 qui
748 1741 872 1804 tantum
894 1741 927 1803 in
950 1737 1121 1805 dicentium
1142 1759 1200 1804 nu·

88 1853 178 1916 mero,
200 1858 261 1904 nou
283 1837 316 1902 in
340 1841 493 1902 oratorum
523 1836 662 1910 fuerunt,
692 1836 818 1902 iamed
844 1839 977 1902 oratores
999 1839 1198 1902 revertemur.

125 1933 243 2016 Censeo,
266 1936 371 2019 inquit
388 1936 529 2001 Atticus:
545 1935 722 2017 eloquentes
738 1935 821 2000 enim
837 1934 990 2012 videbare,
1006 1954 1065 1999 non
1077 1934 1199 2000 sedulos

86 2030 158 2096 velle
179 2034 369 2115 conquirere.
1372 2118 1373 2121 Ἴ

163 2129 311 2194 XLVIII.
338 2129 520 2195 Festivitate
541 2131 641 2216 igitur
663 2133 694 2195 et
716 2129 847 2209 10000110,
870 2130 1016 2211 inquam,
1040 2130 1073 2194 C.
1097 2129 1198 2194 Iulius
1218 2143 1277 2196 lar

86 2331 140 2380 tura
157 2329 215 2396 (nec
265 2331 407 2400 indoctus),
427 2346 508 2382 avena
526 2329 736 2398 l’irnaginaziorrc
755 2328 917 2382 abbastanze
928 2331 1022 2396 pronta
1033 2328 1092 2397 (nec
1103 2329 1199 2382 turdus
1257 2369 1261 2375 .

83 2399 118 2451 od
131 2401 205 2470 aaa),
225 2417 278 2454 non
297 2401 424 2470 ignorare
442 2401 469 2454 la
487 2400 568 2454 storIa
587 2416 693 2454 romane
711 2399 770 2467 (uec
780 2415 845 2453 rom.
858 2415 910 2453 rer.
925 2401 1035 2454 immam.
1055 2415 1078 2452 r.
1092 2399 1146 2466 44),
1161 2415 1199 2451 se-

84 2484 143 2535 peva
160 2471 308 2540 esprimersi
327 2488 372 2526 con
392 2485 446 2524 una
464 2474 535 2525 certa
553 2469 727 2524 diaInvoltura
744 2471 782 2537 (et
799 2470 870 2524 verb.
891 2470 996 2524 solatus
1014 2471 1047 2540 (v.
1071 2469 1138 2538 173).
1153 2470 1198 2522 Ma

84 2539 118 2606 gli
135 2545 204 2596 tocob
223 2543 252 2596 la
271 2541 401 2610 disgraaia
420 2543 467 2596 obe
485 2541 583 2610 l'epoca
600 2543 628 2594 in
647 2542 689 2596 cui
708 2541 775 2594 visse
802 2539 868 2594 fosse
895 2542 963 2595 ricco
981 2541 1008 2594 di
1027 2540 1122 2610 grandi
1143 2557 1198 2594 ora·

83 2611 136 2664 tori.
154 2643 189 2650 -
208 2620 234 2667 et
252 2613 313 2667 00011.
325 2629 386 2667 =e
403 2629 455 2666 non
473 2629 550 2666 senza
568 2613 623 2666 loro
642 2613 796 2682 vantaggio.
819 2643 842 2651 -
856 2617 944 2680 atque.
963 2611 1081 2667 Uniacilo
1093 2629 1139 2664 con
1152 2613 1200 2666 ced
1273 2614 1279 2627 “

83 2698 136 2734 =e
153 2681 254 2737 d'altra
273 2687 355 2752 parte.
375 2713 408 2724 -
428 2685 524 2753 r'mplic.
539 2707 575 2730 ==
588 2683 608 2736 oi
628 2686 702 2736 trovb
720 2696 858 2752 compreeo.
878 2713 911 2724 -
992 2683 1066 2741 175.
1085 2684 1198 2736 multum

83 2752 155 2806 etam
172 2771 239 2810 ocra.
255 2771 280 2807 r.
294 2757 368 2822 App.
389 2755 448 2809 crit.
467 2785 502 2796 -
520 2755 581 2808 iisd.
600 2754 656 2817 fere
674 2763 750 2822 temp.
771 2752 875 2808 Intendi
904 2754 1104 2808 relativamente
1122 2771 1138 2806 a
1156 2753 1198 2807 Fi·
1230 2767 1233 2770 ·

82 2821 153 2891 lepo.
172 2855 207 2866 -
226 2827 269 2880 D.
295 2830 408 2881 Brutus.
434 2843 457 2879 v.
482 2826 547 2879 Die.
572 2825 657 2893 dicer.-
683 2855 715 2864 -
739 2825 845 2879 dicebat
857 2848 893 2870 =
906 2841 1000 2892 sapora
1027 2825 1137 2894 pariare.
1163 2855 1198 2864 -

82 2891 110 2944 L.
123 2893 218 2963 Scipiab.
232 2915 258 2949 v.
274 2895 337 2949 Da.
351 2896 434 2966 biopr.
448 2926 483 2935 -
500 2911 555 2950 aaa
573 2897 663 2964 imper.
677 2919 713 2940 =
726 2911 777 2948 non
797 2912 873 2948 senaa
886 2896 988 2949 abilitb.
1002 2927 1037 2934 -
1051 2896 1103 2948 Ga.
1119 2897 1198 2949 Pom·

76 2964 154 3029 00100.
168 2983 193 3020 v.
207 2967 277 3022 Die.
290 2965 373 3035 be'opr.
387 2997 421 3008 -
434 2966 494 3021 Sec.
510 2984 533 3019 v.
547 2969 580 3020 97
594 2984 607 3020 0
619 2966 683 3021 Die.
698 2967 783 3036 biopr.
800 2997 836 3006 -
854 2968 917 3034 olo'q.
931 2983 1004 3019 0000.
1017 2967 1151 3020 obsidebat
1162 2991 1198 3010 =

81 3035 172 3100 godeva
190 3037 218 3092 di
238 3036 352 3107 qualche
379 3037 478 3091 credito
505 3055 575 3090 come
599 3045 707 3090 oratore.
727 3067 763 3076 -
780 3054 853 3090 nom.
868 3054 892 3089 v.
905 3037 947 3091 48.
967 3067 1002 3077 -
1021 3037 1082 3090 Sea.
1101 3037 1197 3099 frater.

82 3121 101 3156 v.
114 3108 174 3161 Die.
189 3109 278 3178 diepa.
298 3138 333 3146 -
350 3115 451 3176 procat.
469 3109 525 3175 inq.
544 3108 640 3162 centul.
653 3125 781 3162 :avere
798 3108 894 3161 rivolto
914 3109 940 3160 le
958 3125 1005 3160 sua
1024 3106 1143 3160 mirabile
1161 3105 1203 3158 di—

79 3178 224 3243 spoeiuione.
246 3211 284 3219 -
302 3185 329 3232 ct
345 3179 382 3232 ud
396 3178 468 3248 perf.
484 3196 567 3248 pacm.
581 3196 646 3232 =a
664 3179 800 3234 divendere
819 3195 854 3231 nn
879 3178 990 3247 perfetto
1014 3182 1147 3246 geometra
1165 3178 1196 3230 ed

80 3261 110 3298 uo
128 3249 242 3317 perfetio
262 3249 406 3320 000100.-
432 3249 477 3282 ***
496 3256 522 3305 ct
539 3257 601 3304 onie
620 3251 667 3305 boa
692 3251 734 3302 M.
754 3251 863 3304 Brutus
888 3266 912 3302 v.
937 3249 1060 3317 Appecd.
1086 3249 1145 3302 crit.
1162 3278 1196 3287 -

83 3315 108 3370 0,
125 3319 276 3376 Bellienus.
296 3322 321 3376 Ε
340 3322 507 3374 sconosquto.
527 3351 561 3360 -
575 3337 627 3390 per
644 3337 672 3374 ee
682 3337 799 3390 mayaco
809 3345 846 3364 =
858 3319 885 3372 di
897 3336 963 3388 gran
975 3320 1073 3372 credito
1085 3336 1130 3386 per
1147 3336 1197 3371 me-

79 3388 124 3441 rito
141 3392 256 3461 proprio,
277 3394 331 3446 ciob
348 3393 406 3446 aiae
423 3391 480 3445 alla
499 3391 722 3446 comeneadoie'oue
741 3392 873 3444 maiorum
886 3390 1049 3458 aequitum.
1063 3391 1105 3444 96.
1119 3417 1154 3429 —
1166 3390 1197 3442 ia

79 3459 217 3517 Marianon
235 3479 310 3518 coac,
330 3462 397 3516 Sono
424 3464 433 3515 i
461 3463 588 3516 consolati
616 3463 663 3516 cho
689 3461 773 3516 Mario
801 3466 879 3514 tenne
901 3461 1134 3514 successivemente
1152 3461 1196 3513 dal

81 3528 125 3584 104
141 3533 167 3586 al
188 3534 250 3590 100.
272 3535 315 3588 Da
327 3533 365 3587 cib
383 3533 478 3587 risulta
496 3534 544 3588 che
562 3532 679 3587 Bellieno
697 3536 773 3603 segni
786 3533 812 3586 le
825 3537 900 3599 parte
912 3532 1014 3585 ciliane.
1028 3531 1140 3584 -etin
1152 3547 1196 3585 eus

76 3604 143 3665 petit.
161 3612 275 3674 enpust.
288 3629 325 3650 =
336 3605 363 3658 in
383 3605 465 3674 tempi
485 3606 537 3658 cosi
556 3603 658 3658 difficili
677 3621 721 3672 per
739 3605 765 3656 la
784 3601 1010 3656 candidatnra.-
1058 3602 1134 3660 176.
1146 3602 1196 3657 Oa.

80 3670 440 3744 001001.ν.1)0’0.01090.-
461 3676 492 3728 e'ee
509 3676 653 3729 dicentium
672 3691 745 3728 00000.
758 3698 795 3718 =
811 3675 853 3726 nel
879 3690 985 3726 numero
1003 3674 1030 3726 di
1049 3674 1130 3742 quelli
1150 3675 1198 3727 che

76 3757 196 3810 separaum
217 3747 326 3814 pariare
343 3746 371 3799 in
390 3744 520 3815 pubblico.
544 3776 580 3785 -
605 3761 743 3800 00000οι-
755 3746 806 3798 cosl
825 3743 851 3798 Ia
870 3760 948 3814 penso
966 3744 1075 3798 anch'io.
1096 3775 1129 3784 -
1148 3745 1198 3797 Ae

77 3813 234 3871 siccaverit
259 3818 309 3886 poi
337 3818 363 3870 la
390 3817 480 3870 critica
505 3817 531 3870 di
556 3817 647 3870 Attico
674 3816 798 3870 aea-297.
823 3845 858 3854 -
882 3816 986 3870 sedulos
1010 3840 1047 3861 τ-
1071 3815 1118 3869 che
1145 3831 1196 3868 non

76 3881 160 3938 ebbero
179 3888 229 3942 che
248 3888 382 3942 l'attivita
401 3904 414 3942 e
432 3887 452 3940 il
472 3887 539 3941 buon
559 3889 653 3952 volere,
678 3903 747 3940 corne
772 3887 884 3955 Pompeo
907 3904 921 3939 e
940 3885 1064 3940 Bellieno.
1084 3915 1118 3924 -—
1137 3901 1197 3939 eoo-

75 3957 140 4020 0000.
153 3982 189 4004 =
202 3959 408 4012 0001010010.-
444 3958 567 4014 XLVIII.
577 3959 605 4029 γ)
618 3957 647 4011 0.
658 3956 750 4011 Cosare
760 3956 893 4010 Strabone
911 3957 943 4010 ed
961 3958 1048 4010 alcuni
1067 3957 1130 4008 altri
1142 3971 1196 4006 ora-

75 4027 121 4079 tori
138 4029 357 4099 contemporanei
374 4030 401 4084 di
420 4029 504 4083 minor
523 4031 598 4084 conto
616 4028 751 4100 (XLVIII,
767 4027 925 4093 rua-XLIX,
941 4027 1010 4097 183).
1025 4027 1098 4084 177.
1112 4025 1196 4089 festio.
