3042 4692
449 265 687 308 nizrounarerro
707 266 888 309 aroannrrco
1171 250 1236 312 359

140 376 186 429 l’el
240 391 307 429 anna
328 394 344 427 a
355 376 409 428 nisi
420 375 531 429 maioris
542 375 644 445 gloriae

141 444 205 514 cupi
223 444 275 496 itas
292 443 326 496 ad
343 443 456 497 bellicas
482 442 575 497 laudes
601 443 645 496 ab·

141 511 281 566 struxisset
298 528 323 563 a.
341 511 461 575 Altrove,
479 527 524 563 ma
544 527 592 581 per
618 511 644 564 le

141 586 226 633 stesse
243 578 349 648 regioni
366 577 397 630 'di
422 577 557 648 simpatia,
582 578 644 632 loda

141 648 169 701 la
188 650 346 716 «pravitas
363 655 390 699 et
407 648 486 715 copia
509 655 536 699 et
560 649 645 700 consi·

141 716 214 767 lium
232 716 260 767 in
278 731 330 784 quo
348 714 418 768 inest
445 714 575 785 quaedam
602 716 645 767 di-

160 785 236 835 nitas
262 784 444 851 imperatoria
470 784 529 852 (pr,
557 782 644 845 Man,

140 801 194 916 dd),
207 867 223 903 e
234 850 261 904 lo
273 850 331 903 dice
342 852 463 919 scriptor
482 852 644 904 luculentus

141 918 191 986 (ad
209 918 275 979 Aa,
292 917 351 977 Vll,
365 918 416 986 17).
429 919 476 972 Ma
487 919 516 970 in
529 917 645 971 un'altra

140 986 238 1039 lettera
269 986 302 1038 ad
330 985 422 1039 Attico
447 984 478 1054 (l,
497 985 548 1053 14),
575 985 644 1056 dopo

140 1069 221 1107 avere
239 1052 314 1108 adito
330 1052 352 1105 il
369 1054 456 1123 primo
473 1053 590 1107 discorso
617 1054 644 1106 di

139 1122 268 1190 Pompeo,
286 1121 394 1175 scrisse:
414 1138 429 1172 a
446 1137 501 1175 non
528 1121 644 1175 iucunda

139 1188 255 1251 miseris,
282 1189 371 1242 inanis
400 1188 536 1258 improbis,
558 1189 644 1243 beatis

139 1272 195 1310 non
213 1263 299 1325 grata,
316 1257 394 1311 bonis
411 1272 465 1310 non
482 1256 574 1326 gravis
597 1257 644 1309 ita·

140 1340 194 1443 pue
211 1326 367 1393 stipabat».
386 1324 425 1378 Lo
436 1332 521 1379 stesso
531 1299 644 1389 Velleio,

153 1408 185 1444 ra
202 1392 271 1444 tanti
289 1391 332 1446 elo
353 1392 358 1403 '
379 1392 452 1460 (bc.)
470 1392 497 1446 lo
509 1392 580 1447 dice:
591 1394 645 1447 elo-

159 1461 257 1512 uentt‘a
275 1476 320 1513 me
339 1463 392 1513 ius,
419 1460 442 1513 Ε
467 1460 568 1523 Quint,
594 1460 644 1523 XI,

140 1476 165 1590 d,
183 1526 218 1579 36
235 1543 289 1581 non
307 1527 345 1597 gli
359 1528 393 1581 da
405 1525 474 1581 altro
486 1528 582 1583 merito
592 1528 643 1582 che

140 1595 169 1647 di
186 1610 267 1648 arere
283 1613 313 1648 sa
332 1602 379 1650 uto
396 1612 503 1665 esporre
529 1612 580 1649 con
606 1597 645 1648 fa·

139 1662 246 1727 condia,
264 1613 356 1717 uncle·
374 1662 517 1726 eccessiva,
544 1664 570 1718 le
594 1680 643 1741 sue

139 1730 370 1853 {dissiliit
393 1730 642 1879 diffini&

140 1868 235 1933 λόγου.
253 1866 323 1920 Pare
344 1883 398 1920 non
424 1868 494 1920 fosse
520 1866 600 1921 solito
625 1884 642 1921 a

139 1934 258 2055 plcrivepp
275 1933 305 1989 le'
319 1952 367 2013 sue
392 1934 519 2055 orppippi,
530 1951 590 2070 (311
612 1935 641 2056 tle

158 2018 217 2056 esse
253 2018 426 2056 ascmverea
456 2020 518 2055 arr
564 2019 641 2066 mn,

140 2068 186 2134 Ill,
203 2069 229 2133 8,
252 2069 305 2138 50).
332 2069 382 2124 Del
408 2077 478 2124 resto
504 2070 589 2140 poche
615 2071 641 2124 ci

138 2153 205 2193 sono
222 2144 298 2194 note:
327 2137 353 2205 1)
378 2139 418 2191 acl
436 2138 578 2207 populum
607 2139 642 2192 de

138 2206 313 2260 restituenda
332 2206 482 2259 tribunicia
499 2215 640 2275 potestate,

138 2292 162 2327 a.
180 2272 213 2325 71
240 2304 276 2313 -
300 2274 328 2341 2)
354 2275 389 2328 de
415 2274 557 2343 triumpho
582 2292 641 2338 aaa,

139 2360 165 2395 a.
182 2341 225 2396 01.
244 2341 283 2394 La
300 2342 405 2396 ricorde
422 2340 512 2396 Plinio
530 2342 577 2411 (H.
595 2342 640 2405 N,

138 2410 165 2473 7,
182 2410 228 2479 26)
244 2408 265 2461 il
277 2408 358 2479 quale
369 2425 404 2462 ne
415 2409 537 2463 riferisce
548 2416 641 2479 questo

137 2494 188 2531 suo
204 2482 299 2532 vauto:
313 2494 329 2528 e
341 2477 435 2530 Asiam
448 2476 572 2530 ultimam
584 2494 641 2547 pro

136 2545 289 2600 vincianam
307 2546 450 2615 accepisse,
474 2546 640 2616 eandemque

137 2614 255 2668 mediam
282 2612 385 2682 patriae
410 2612 544 2667 addidisse
569 2631 584 2667 t
607 2645 639 2654 -

135 2682 165 2749 3)
178 2698 234 2751 pro
256 2682 286 2735 T.
305 2681 399 2735 Annia
418 2682 532 2745 Milone,
556 2698 579 2734 a.
597 2682 639 2735 56.

136 2750 169 2802 P.
187 2748 281 2803 Clodio
298 2765 382 2803 avers
409 2756 534 2804 accusata
560 2749 595 2803 de
612 2753 641 2802 ei

136 2816 241 2896 Milone
258 2816 309 2870 cbe
327 2816 357 2869 fu
374 2816 503 2896 disesoda
514 2817 639 2897 pompeo,

136 2901 233 3007 aeddi>
242 2884 640 3033 acldiecielioddmfd'reglpaffidodl

137 3023 210 3075 eicio
225 3029 252 3075 et
268 3020 424 3074 maledictis
429 3039 439 3084 ,·
455 3037 501 3075 ma
518 3022 574 3091 egli
586 3038 639 3075 non

136 3090 161 3141 si
179 3089 264 3143 lascio
289 3088 437 3144 intimidire
463 3106 478 3142 e
505 3088 581 3159 parlo
607 3119 639 3129 —

134 3157 164 3225 4)
177 3173 234 3226 pro
251 3156 283 3209 L.
306 3155 385 3210 Corn.
404 3156 502 3218 Balbo,
519 3174 543 3209 a.
561 3156 639 3210 5o.E

136 3226 165 3277 la
191 3233 277 3278 stessa
303 3240 384 3278 causa
409 3240 458 3294 per
482 3225 526 3277 cui
553 3225 640 3279 anche

135 3292 194 3346 Cic.
221 3291 409 3346 nell'orazione
435 3292 485 3345 che
514 3291 639 3347 abbiamo

135 3361 222 3415 dilese
240 3359 261 3412 il
273 3360 399 3429 gaditano
411 3360 498 3413 Balbo
510 3360 543 3413 da
556 3360 639 3431 quelli

135 3428 188 3481 che
205 3427 245 3497 gli
257 3444 276 3480 n
310 3444 398 3482 avano
409 3428 429 3480 il
441 3428 519 3482 titolo
528 3424 555 3481 di
567 3430 639 3483 cives

136 3496 276 3565 donatogli
310 3513 327 3549 a
353 3495 479 3615 Pompeo.
498 3495 553 3549 Cic.
579 3499 638 3565 (pr.

136 3564 170 3617 L.
192 3561 272 3617 Com.
296 3564 397 3631 Balbo)
433 3563 484 3617 oda
511 3564 638 3617 enfatica-

136 3638 228 3686 mente
246 3630 290 3685 nel
309 3631 425 3685 discorso
443 3631 470 3683 di
482 3632 599 3701 Pompeo
613 3633 639 3685 la

156 3702 273 3763 rovitas,
289 3700 421 3769 facultas,
444 3703 531 3768 copta,
557 3702 639 3754 subti-

134 3718 212 3830 {itan
229 3770 374 3831 memoria,
392 3768 536 3831 modestia,
559 3784 640 3822 orna·

139 3845 185 3889 tus
210 3866 244 3875 -—
270 3836 298 3901 5)
313 3852 366 3903 pro
383 3835 416 3888 L.
434 3836 578 3890 Scribonio
596 3836 639 3889 Li·

138 3906 214 3967 bone,
232 3922 257 3957 a.
276 3903 317 3956 55.
330 3903 408 3957 Elvio
420 3903 529 3957 Mancia
540 3904 567 3956 di
579 3904 639 3957 For·

135 3972 191 4024 mia
221 3974 319 4025 accuso
347 3971 456 4024 innanzi
482 3972 507 4025 ai
535 3973 637 4026 censori

137 4039 168 4093 L.
198 4038 338 4093 Scribonio
367 4037 478 4093 Libone.
512 4040 640 4109 Pompeo‚

729 376 846 439 console,
864 376 966 430 avendo
984 376 1056 431 nella
1074 377 1160 431 difesa
1173 378 1239 431 rim·

730 449 872 513 proverato
890 461 906 496 a
924 444 1032 497 Mancia
1051 444 1077 497 la
1096 446 1232 499 anabassa

730 511 837 581 origine
855 528 869 565 e
888 511 914 564 la
932 512 1008 565 tarda
1027 514 1079 575 eta,
1097 513 1129 567 ed
1153 530 1235 569 aven-

730 579 804 649 dogli
822 579 894 633 detto
912 579 963 634 che
981 579 1035 649 egli
1047 596 1092 633 era
1105 588 1176 635 sarto
1189 582 1235 635 dal

730 647 844 701 Tartaro
861 662 909 715 per
927 664 1061 710 accusare,
1083 648 1174 717 quegli
1200 650 1235 703 ri·

729 730 821 793 spese:
841 732 856 766 a
873 715 934 769 Non
951 715 1083 778 mentiris,
1104 716 1233 786 Pompei:

709 782 930 846 'ven1oinferis,
948 783 975 835 in
995 782 1026 836 L.
1044 783 1174 838 Libonem
1193 802 1236 837 aa·

730 856 837 905 cusator
854 850 946 913 venio;
965 852 1012 904 sed
1029 850 1092 903 dum
1111 851 1167 905 illic
1180 868 1233 906 mo·

729 934 782 982 ror,
804 917 859 971 vidi
872 925 1012 972 cruentum
1025 918 1074 971 Cn.
1086 919 1233 973 Domitium

730 986 940 1040 Ahenobarbum
978 986 1116 1041 deflentem
1162 989 1234 1058 quod

731 1070 836 1107 summo
853 1070 952 1123 genere
981 1060 1068 1118 natus,
1095 1054 1233 1125 integerri-

731 1138 791 1175 mae
808 1121 888 1185 vitae‚
907 1121 1107 1175 amantissimus
1118 1122 1230 1192 patriae,

729 1189 759 1242 in
777 1189 835 1259 ipso
852 1190 1000 1243 iuventutis
1018 1190 1082 1244 flore
1100 1197 1146 1244 tuo
1158 1190 1234 1244 iussu

730 1264 800 1311 esset
817 1257 921 1311 occisus
938 1275 953 1311 a
972 1258 1160 1321 ecc.,facendo
1178 1276 1235 1313 una

729 1326 794 1380 fiera
812 1325 983 1395 requisitoria
1001 1332 1094 1380 contro
1105 1327 1235 1405 Pompeo,

730 1393 758 1445 in
776 1393 822 1446 cui
838 1394 901 1446 tutti
919 1393 1002 1463 quelli
1020 1393 1079 1456 ohe,
1097 1394 1181 1448 uccisi
1199 1395 1233 1449 da

729 1461 778 1524 lui,
796 1460 851 1531 egli
869 1477 954 1515 aveva
971 1460 1035 1514 visti
1052 1461 1097 1515 nel
1119 1462 1234 1517 Tartaro

729 1529 761 1582 ed
780 1546 865 1583 aveva
883 1528 981 1583 sentito
999 1529 1032 1581 ad
1045 1528 1193 1599 imprecare
1204 1530 1232 1584 al

728 1613 808 1650 nome
825 1597 853 1648 di
870 1597 988 1666 Pompeo
1006 1603 1042 1661 (v.
1059 1598 1119 1650 Val.
1138 1598 1229 1661 Mass„

727 1663 754 1727 6,
772 1664 798 1727 2,
816 1664 843 1731 8)
862 1694 895 1703 -
912 1662 940 1732 6)
952 1665 986 1717 de
999 1663 1166 1734 Theophane
1178 1667 1229 1719 Mt-

729 1732 987 1799 tylenaeo.Durante
996 1732 1016 1783 il
1026 1749 1113 1786 suoso
1132 1733 1228 1802 giorno

728 1800 756 1851 in
775 1800 849 1863 Asia,
862 1799 929 1852 Pom
948 1815 979 1852 eo
997 1816 1073 1869 prese
1092 1750 1132 1853 ad

728 1867 848 1921 Teutana
865 1866 892 1919 di
941 1866 1041 1930 itilene,
1063 1868 1095 1921 ed
1122 1868 1150 1921 in
1177 1886 1231 1922 una

727 1938 820 1990 conato
838 1934 864 1989 ai
882 1934 978 1989 soldati
996 1934 1035 2004 gli
1053 1936 1122 1989 dono
1139 1936 1166 1989 la
1184 1937 1233 1990 cit-

727 2003 870 2057 tadinanza
887 2005 923 2072 (v.
936 2020 984 2072 pr.
1003 2004 1098 2066 Arcb,
1117 2002 1157 2068 10,
1175 2005 1230 2125 243,

727 2070 823 2191 poiche
841 2072 932 2141 quegli
950 2088 1034 2125 aveva
1052 2072 1145 2125 scritto
1163 2073 1189 2125 le
1219 2073 1229 2125 i

738 2141 767 2193 ui
784 2139 907 2208 imprese.
926 2138 985 2193 Vel.
999 2139 1128 2208 Mass.(8,
1142 2139 1182 2205 14,
1201 2140 1229 2209 3)

727 2208 786 2261 dice
804 2207 1013 2277 quest’orazione
1042 2217 1176 2261 accurata
1203 2217 1230 2261 et

728 2284 833 2329 testata.
1172 2284 1174 2288 ’

1137 1818 1231 1855 &male

692 2345 722 2407 o.
741 2342 923 2411 Pompeius
942 2345 973 2394 a.
993 2342 1010 2393 f.
1032 2339 1091 2404 ato,
1118 2341 1169 2393 310
1198 2372 1230 2383 -
1300 2314 1303 2320 ’

726 2412 756 2474 Q.
775 2411 892 2479 Pompeo
910 2408 990 2469 Rufo,
1008 2416 1072 2462 nato
1098 2408 1232 2479 probabil-

726 2484 816 2531 mente
839 2493 916 2537 verso
934 2476 954 2529 il
981 2475 1030 2529 108
1057 2478 1092 2543 (v.
1119 2475 1188 2544 240),
1213 2477 1230 2531 ὁ

726 2546 881 2600 conosciuto
899 2551 968 2599 sotto
986 2544 1005 2596 il
1016 2560 1095 2597 nome
1104 2544 1130 2596 di
1150 2562 1165 2596 a
1182 2544 1229 2597 Bi·

726 2614 881 2684 thynicust
900 2612 999 2691 perche
1012 2612 1055 2666 nel
1067 2612 1102 2667 75
1113 2613 1143 2665 fu
1156 2628 1231 2667 man·

725 2682 788 2735 dato
807 2682 839 2734 ad
853 2682 978 2735 ordinare
990 2678 1079 2749 quella
1109 2680 1229 2735 rovincia

726 2749 839 2804 lanciata
857 2749 883 2801 ai
901 2748 1017 2803 Romani
1030 2748 1064 2801 da
1099 2747 1228 2803 icomede.

726 2816 809 2887 Segni
826 2817 952 2886 Pompeo,
970 2832 1018 2869 sno
1030 2817 1141 2884 gentile,
1153 2816 1226 2871 nella

725 2887 791 2956 fuga
809 2886 863 2938 efu
875 2884 977 2938 conlui
989 2884 1079 2937 acciso
1089 2884 1117 2937 in
1127 2883 1228 2953 Egitto.

725 2953 765 3005 Fu
783 2952 866 3006 molto
884 2952 970 3005 amico
988 2950 1015 3003 di
1032 2950 1097 3013 Cic,
1117 2952 1137 3003 il
1149 2952 1230 3021 quale

724 3020 787 3075 loda
795 3022 824 3073 in
837 3020 875 3073 lui
888 3020 997 3072 l'amore
1010 3019 1228 3087 dell’eloquenza,

725 3088 898 3150 l'istrunione,
917 3086 1091 3141 el’attivita.
1117 3087 1178 3141 Non
1204 3087 1228 3139 si

724 3156 865 3211 ricordano
884 3172 931 3208 sue
949 3153 1074 3217 orazioni,
1101 3171 1145 3207 ma
1171 3152 1228 3207 Cic.

725 3225 752 3278 lo
781 3222 889 3293 giudice
918 3222 1042 3277 disettoeo
1078 3222 1229 3286 nell'actt’o,

726 3298 830 3345 mentre
857 3291 895 3359 gli
923 3291 957 3343 da
983 3290 1003 3341 il
1033 3289 1128 3344 merito
1157 3289 1228 3344 della

725 3362 805 3429 copia
825 3357 947 3437 (1240).

690 3428 744 3482 Cn.
772 3428 986 3497 Pomponrus
1016 3426 1073 3487 182,
1091 3424 1149 3487 207,
1168 3424 1229 3489 221,

724 3496 784 3560 227,
802 3495 862 3558 305,
880 3494 939 3557 308,
960 3494 1008 3548 311
1023 3523 1056 3535 -
1068 3494 1108 3546 Fu
1120 3493 1229 3547 tribuno

725 3562 770 3617 nel
787 3563 829 3627 90,
847 3562 931 3631 eparl
946 3562 1051 3617 vittima
1063 3561 1106 3616 dei
1118 3560 1228 3615 tumulti

724 3632 824 3685 sillani.
842 3631 903 3684 Non
921 3630 944 3683 si
962 3631 998 3685 ha
1017 3630 1145 3684 memoria
1157 3628 1229 3683 delle

724 3716 773 3754 sue
790 3699 916 3753 orationi.
929 3698 965 3751 Al
977 3718 1002 3754 n.
1015 3698 1066 3753 207
1079 3698 1133 3752 Cic.
1147 3697 1226 3767 espri·

725 3785 768 3823 me
789 3766 989 3837 l’impressione'
1010 3768 1131 3822 ricevuta
1156 3765 1228 3818 dalle

724 3836 842 3890 orationi
861 3835 888 3888 di
905 3834 953 3900 lui,
971 3837 1084 3890 durante
1102 3834 1129 3887 la
1146 3833 1228 3913 giovi·

724 3920 813 3967 nazza,
832 3903 944 3958 dicendo
962 3904 1013 3958 ohe
1030 3904 1178 3971 Pomponio
1188 3900 1227 3969 gli

742 3988 823 4025 areva
841 3971 860 4023 il
880 3972 926 4041 piu
944 3972 1033 4026 vicino
1051 3968 1228 4038 aSulpicioe

724 3990 810 4094 detta.
830 4039 876 4092 Ma
903 4040 956 4094 tale
985 4036 1158 4109 impressione
1185 4036 1228 4089 do·
