3042 4692
477 351 608 444 nunnus,
630 386 702 440 xxx,
729 366 886 428 lle-116
1206 364 1246 427 85

119 516 222 582 peuce
244 496 278 563 O.
295 495 395 578 Cotta,
419 497 500 582 quod
523 498 634 565 sororis
657 500 724 564 eret
745 497 840 574 filius,
858 497 985 563 —etis
1000 496 1126 580 quidem
1140 499 1245 563 temen

121 597 159 660 ut
180 597 292 676 orator,
316 615 506 680 quamquam
528 597 595 662 erat
617 596 784 663 admodum
806 595 986 662 adulescens
1000 633 1042 642 —
1058 594 1111 660 sed
1126 593 1162 676 Q.
1178 595 1245 660 Mu·

121 694 189 760 cius
212 692 372 760 enucleate
399 693 456 759 ille
479 694 605 778 quidem
633 697 664 762 et
685 695 802 781 polite,
829 696 866 760 ut
887 694 1023 774 solebat,
1047 713 1244 777 nequaquam

121 793 229 858 autem
251 811 287 857 ee
309 793 340 858 vi
362 794 464 877 etque·
477 793 575 877 copia,
598 812 693 878 quam
715 813 812 879 genus
834 792 917 858 illud
938 791 1051 858 iudicii
1073 794 1105 857 et
1126 793 1245 878 magui·

120 889 198 956 tudo
220 909 330 956 causae
350 890 537 974 postulabat.
567 892 728 958 Habemus
754 892 855 977 igitur
881 891 914 956 in
937 889 1051 956 Stoicis
1073 885 1245 956 oratoribus
1264 893 1315 948 116

121 987 299 1070 Rutilium,
327 987 479 1055 Scaurum
508 990 541 1054 in
563 989 716 1073 antiquis:
739 992 909 1080 utrumque
937 990 1042 1055 tamen
1064 988 1243 1069 laudemus,

121 1086 271 1170 quoniam
284 1106 339 1171 per
354 1087 424 1153 illos
441 1106 478 1154 ue
490 1087 565 1154 haee
581 1088 707 1171 quidem
723 1088 755 1152 iu
771 1088 898 1154 civitate
913 1107 1025 1174 genera
1039 1087 1097 1152 hec
1111 1087 1245 1152 oratoria

121 1185 215 1250 laude
237 1187 411 1251 canuerunt.
434 1184 512 1252 Volo
532 1187 615 1252 euim
637 1189 673 1252 ut
695 1187 727 1250 in
743 1205 852 1252 scaeua
873 1186 919 1252 sic
934 1186 1029 1252 etiem
1051 1185 1084 1250 iu
1099 1185 1163 1252 foro
1184 1204 1244 1250 nou

120 1301 173 1348 eos
194 1282 284 1348 modo
298 1282 430 1363 laudari,
453 1284 509 1367 qui
531 1284 622 1350 celeri
649 1285 736 1351 motu
758 1286 790 1350 et
811 1284 934 1351 difficili
957 1284 1096 1363 utantur,
1119 1282 1172 1349 sed
1194 1301 1244 1349 eos

120 1381 228 1461 etiem,
244 1399 320 1465 quos
331 1382 474 1449 statarios
485 1382 653 1467 appellant,
666 1402 797 1466 quorum
810 1383 852 1449 sit
865 1383 923 1449 illa
940 1381 1071 1466 simplex
1082 1381 1115 1447 in
1127 1381 1245 1469 agendo

119 1687 268 1740 trascurare
285 1683 314 1738 di
332 1683 373 1738 iar
391 1683 488 1738 sentire
506 1684 576 1739 nella
603 1683 721 1739 versione
744 1683 891 1739 l’asindeto.
911 1714 945 1724 -
963 1689 990 1739 ct
1004 1698 1096 1754 pauca
1116 1683 1145 1740 0.
1167 1683 1245 1740 Uetto

120 1772 185 1809 =e
203 1755 284 1826 poche
302 1755 391 1826 parole
409 1755 537 1826 aggiunse
556 1755 585 1812 0.
605 1753 693 1810 Cotto.
713 1772 737 1809 v.
759 1755 813 1809 202
833 1772 847 1810 e
865 1755 926 1812 Dis.
946 1755 1029 1824 dicar.
1049 1786 1079 1797 -
1100 1754 1167 1810 etto
1188 1756 1244 1825 qut

121 1828 183 1882 dem
202 1832 291 1882 tamea
303 1843 364 1881 =e
383 1843 434 1880 non
453 1827 514 1882 v'he
527 1826 623 1881 dubbio
635 1826 682 1881 cbe
719 1827 788 1882 nesti
806 1842 883 1896 seppe
897 1830 957 1897 pero
969 1827 1072 1896 perlate
1084 1825 1118 1880 da
1133 1829 1242 1881 oratore.

120 1899 146 1954 Il
166 1899 278 1952 termine
297 1897 450 1952 correlative
468 1897 496 1953 di
514 1844 734 1953 comsanensis
758 1898 793 1953 da
811 1913 911 1967 panca.
930 1898 1019 1952 v.114
1041 1903 1200 1967 peracutum
1219 1903 1245 1952 ct

115 1971 232 2038 pkaum
248 1970 301 2025 ocio
313 1975 410 2024 wmea.
429 1999 463 2010 -
482 1969 534 2024 scd.
543 1975 573 2024 v.
585 1969 617 2023 81
633 1969 732 2040 enpp.
745 1970 806 2024 crit.
818 2000 853 2010 —
869 1969 900 2039 Q.
913 1969 1037 2024 Muciae.
1049 1985 1074 2024 v.
1090 1968 1141 2022 145
1153 1984 1167 2024 e
1181 1969 1243 2026 Dia.

121 2042 206 2111 biver.
221 2072 254 2084 -
268 2041 409 2096 enucleate.
423 2058 448 2095 v.
461 2039 504 2094 35.
524 2038 695 2111 Corrisponde
722 2041 749 2096 al
769 2057 840 2111 pare
865 2045 891 2095 et
914 2041 1031 2096 ddaca‘de
1052 2039 1100 2095 che
1117 2041 1143 2094 lo
1161 2042 1244 2094 stesso

118 2112 176 2168 cic.
189 2113 217 2166 in
230 2113 263 2167 de
275 2111 360 2179 Orat,
373 2113 394 2176 Ι,
408 2111 460 2166 229
474 2129 521 2166 usa
534 2111 687 2167 ricordaudo
698 2115 792 2183 questa
804 2111 944 2167 medesima
956 2112 1047 2166 ditesa.
1058 2141 1093 2151 -
1104 2111 1150 2165 alle
1167 2111 1242 2181 qaid.

120 2202 144 2238 v.
161 2183 203 2238 18.
223 2214 255 2224 -
276 2189 302 2238 et
314 2183 470 2253 polite-:e
490 2199 538 2237 oou
565 2182 648 2238 forma
666 2183 757 2238 eletta.
777 2213 812 2224 -
830 2185 940 2252 magnit.
959 2207 996 2230 =
1017 2183 1189 2252 importante.
1208 2212 1244 2223 -

120 2259 198 2314 116.
211 2255 352 2310 Hebenus
363 2280 399 2302 =
410 2254 478 2310 Esco
491 2255 596 2324 dunque
614 2253 661 2310 che
677 2254 708 2308 R.
722 2257 890 2324 roppresouta
909 2271 953 2323 per
965 2254 1015 2307 noi.
1031 2283 1065 2294 -
1077 2255 1108 2308 ia
1125 2254 1245 2322 antiquie

117 2353 155 2373 =
169 2327 197 2380 la
215 2326 320 2381 vecchio
337 2326 485 2396 eloquenza.
500 2343 523 2380 v.
534 2327 569 2380 94
587 2325 701 2394 simplet
712 2331 738 2380 et
749 2327 885 2394 aanaus.
900 2325 1011 2379 Osserva
1028 2324 1055 2379 la
1073 2324 1244 2393 disposizione

119 2398 251 2482 chiastica
278 2395 346 2481 delle
364 2397 415 2452 due
433 2413 504 2466 prop.
525 2427 558 2438 -
578 2397 716 2452 badamus
733 2420 771 2442 =
788 2396 925 2450 dobbiamo
944 2395 1047 2480 ledere..
1059 2425 1093 2434 -
1114 2395 1244 2478 perfidos

117 2486 199 2596 re
217 2485 320 2607 {obt
331 2469 459 2594 tos.
466 2469 706 2594 02111113Ζὲ
725 2467 870 2608 estber
885 2469 1111 2608 quietes
1123 2468 1242 2593 etet:

117 2611 243 2678 Difficili
258 2610 368 2680 esprime
386 2611 432 2680 qui
450 2610 472 2664 11
490 2611 619 2665 contrario
637 2609 664 2664 di
683 2609 796 2679 simplem
815 2610 865 2681 (gr.
884 2611 1009 2665 ποικίλον
1020 2634 1057 2656 =
1068 2609 1242 2681 complicato).

117 2682 221 2738 Pcrebe
239 2682 259 2735 il
278 2698 350 2752 ooug.
370 2681 507 2737 utentem?
526 2712 561 2723 -
579 2681 706 2737 eumaeo
724 2706 760 2728 =
772 2681 819 2736 che
837 2682 860 2735 si
878 2679 968 2734 dicono
986 2681 1098 2736 statarii
1113 2681 1138 2750 (e
1156 2697 1244 2736 ueces-

116 2755 189 2840 sario
207 2757 295 2807 tenere
309 2753 380 2808 uella
391 2753 507 2838 versione
522 2753 544 2836 11
563 2753 797 2837 νοοοοοΙο1ο1111ο,
816 2769 867 2806 uon
887 2749 1048 2835 avendo-uei
1066 2752 1243 2836 uunocabolq

115 2823 599 2962 {rmacltittlmntirtff
617 2821 1125 2965 electissimosstin
1141 2824 1244 2950 tuti
1343 2888 1347 2894 ·

117 2986 154 3023 un
185 2970 261 3038 posto
279 2968 339 3020 fisso
357 2967 425 3020 uelle
449 2966 493 3021 iile
515 2967 586 3020 della
613 2967 715 3038 legione
731 2967 843 3037 (uelites)
867 2981 1035 3020 accorrevauo
1060 2969 1243 3034 proutamente

115 3056 145 3093 or
172 3056 227 3109 que
245 3055 274 3092 or
291 3037 319 3092 le
337 3036 401 3091 dove
419 3037 439 3091 il
457 3037 566 3108 bisogno
585 3040 609 3092 lo
628 3036 782 3092 richiedeva.
809 3036 861 3091 Pib
887 3035 959 3091 tardi
986 3035 1006 3089 il
1025 3036 1147 3091 vocabolo
1174 3037 1243 3091 s'im·

115 3111 196 3182 piego
215 3108 250 3164 ad
269 3109 383 3163 iudicare
402 3125 455 3164 una
472 3111 556 3179 specie
582 3107 609 3163 di
639 3109 728 3173 atteri,
747 3109 794 3162 che
812 3124 858 3178 per
875 3108 902 3162 la
919 3107 1026 3178 gravitt
1043 3124 1057 3160 e
1075 3110 1243 3177 temperante

115 3183 161 3237 dei
180 3180 336 3236 movimeuti
363 3197 377 3236 e
404 3181 473 3235 della
501 3197 560 3235 voce
583 3181 606 3234 si
633 3180 834 3250 distinguevano
853 3178 888 3233 da
905 3179 969 3233 altri
994 3179 1122 3248 (motoris)
1140 3179 1151 3232 i
1169 3179 1243 3248 quali

115 3254 363 3394 terpretetur
377 3251 577 3392 toletus
586 3252 697 3376 11011
705 3251 846 3376 scete
856 3249 1241 3391 coterellus}

114 3395 231 3451 rivabile
257 3411 328 3449 come
354 3395 493 3457 statarius,
512 3394 532 3447 il
551 3394 659 3447 secondo
686 3409 757 3448 come
784 3393 920 3447 motortue.
939 3392 1017 3445 V'era
1034 3393 1077 3462 poi
1097 3409 1149 3446 una
1168 3395 1241 3448 terna

115 3468 203 3536 specie
222 3466 250 3521 di
268 3465 350 3520 atteri
368 3464 437 3519 detti
455 3465 541 3530 mixti,
560 3463 607 3519 che
625 3467 810 3534 temperaveno
837 3465 861 3518 le
884 3463 987 3532 quelitt
1006 3462 1077 3532 degli
1100 3463 1164 3518 altri
1183 3464 1242 3519 due.

115 3537 179 3593 Cosi
197 3537 243 3592 noi
261 3537 451 3606 distinguiemo
468 3537 493 3590 le
518 3558 529 3585 ‹
550 3536 621 3605 parti
639 3535 723 3590 nobili
743 3556 755 3584 s
778 3534 923 3607 (statarii):
945 3535 966 3588 il
988 3533 1114 3589 brillente
1132 3551 1146 3588 e
1164 3536 1185 3588 il
1204 3551 1243 3590 ca-

113 3609 266 3674 ratterista,
284 3608 305 3662 il
324 3608 407 3678 primo
425 3608 519 3674 attere,
536 3607 564 3662 la
581 3607 666 3676 prima
685 3606 771 3661 donna
789 3622 838 3660 ecc.
851 3606 998 3676 (motoriilz
1016 3622 1029 3660 e
1047 3606 1072 3660 le
1096 3606 1188 3676 «parti
1201 3623 1242 3676 ge

114 3680 247 3736 mericho»
270 3679 379 3749 (camb).
398 3677 460 3734 Une
478 3682 561 3733 stessa
572 3678 730 3733 distincione
743 3677 901 3747 s'applicava
912 3677 964 3731 alle
976 3677 1098 3732 eomedie.
1112 3677 1241 3743 Euanth,

116 3760 159 3810 De
181 3757 250 3821 trag.
274 3757 301 3805 et
320 3766 384 3804 cons.
407 3747 584 3804 «comoediae
602 3753 651 3804 aut
669 3749 795 3803 motoriee
813 3751 877 3803 suut
895 3751 944 3804 aut
962 3749 1095 3803 statariae.
1115 3749 1243 3804 Motoriae

114 3823 298 3888 turbulentae,
326 3821 453 3875 statariae
480 3821 629 3890 quietiores,
655 3821 753 3875 mixtae
771 3838 801 3874 ex
820 3823 932 3889 utroque
950 3823 1012 3873 ectu
1030 3821 1241 3875 consistentes».

114 3894 153 3948 Le
172 3891 286 3948 comedia
305 3891 333 3945 di
351 3892 458 3958 Plauto,
476 3908 522 3960 per
539 3892 659 3962 esempio,
679 3908 740 3945 sono
759 3908 806 3961 per
824 3892 851 3945 la
869 3892 990 3960 maggior
1011 3895 1087 3960 parte
1106 3894 1242 3956 motoriae,

114 3964 205 4034 quelle
223 3961 251 4017 di
270 3962 394 4017 Terentio
412 3978 459 4031 por
476 3963 501 4016 lo
520 3963 565 4034 pin
584 3964 690 4029 mtatae,
710 3962 782 4018 selvo
800 3963 821 4016 il
838 3961 971 4018 Phormio
988 3962 1036 4017 che
1060 3966 1074 4016 e
1096 3964 1209 4018 motoria
1227 3980 1242 4017 e

114 4034 458 4090 l'Heautoatimomsmenos
476 4033 523 4088 che
540 4037 554 4088 e
572 4035 695 4090 deterre.
715 4032 768 4088 Cic.
788 4034 831 4103 poi
844 4051 889 4103 per
900 4034 1022 4104 analogia
1039 4034 1143 4089 chiama
1156 4049 1241 4103 spesso

115 4106 230 4162 statarii
251 4105 291 4176 gli
315 4106 413 4161 oratori
431 4105 522 4175 parchi
540 4122 554 4160 ο
577 4105 706 4160 moderati
730 4105 773 4160 nei
797 4106 866 4176 gesti
888 4122 902 4160 e
920 4105 991 4159 uelle
1013 4121 1082 4160 voce.
1095 4121 1120 4160 v.
1136 4104 1241 4158 239.-

112 4180 157 4235 sit.
173 4195 198 4234 v.
216 4181 395 4234 ameturc-
414 4176 526 4248 simplem
583 4178 688 4234 ceritas.
708 4175 787 4233 Trad
800 4194 847 4232 οοο
859 4177 909 4232 1οο
931 4178 1043 4232 sostaut.
1069 4173 1241 4245 ‹semplicitt
