3042 4692
313 279 369 339 152
690 295 724 336 rr.
748 293 852 336 numu
873 294 1032 336 cronnonrs

309 407 397 491 geret
418 408 579 484 oratorem,
600 403 721 470 nullam
742 404 926 470 memoriam
947 404 1148 488 antiquitatis
1170 405 1355 490 eollegerat:
1370 425 1425 470 non

310 503 471 588 publioum
493 503 552 582 ius,
575 522 634 569 nou
663 501 821 586 privatum
850 503 883 566 et
904 502 996 569 oirilo
1018 505 1218 588 cognoverat:
1241 521 1425 587 quamquam

309 603 366 666 hoo
388 600 514 684 quidem
536 601 599 666 fuit
620 601 716 666 otiam
737 601 771 664 in
793 599 866 665 aliis
893 600 925 664 et
949 601 1073 686 magnis
1095 601 1222 684 quidem
1244 600 1426 682 oratoribus,

310 718 386 781 quoa
407 717 517 782 pamm
540 698 590 763 his
611 697 779 764 instructos
800 697 921 763 artibus
943 697 1096 776 vidimus,
1116 700 1156 762 ut
1182 697 1374 782 Sulpicium,
1395 701 1427 762 ut

310 797 489 862 Antonium.
524 795 584 861 Sed
607 796 630 858 ii
653 798 757 860 tamen
779 814 878 860 unum
901 794 982 860 illud
1010 795 1179 876 habebant,
1206 796 1329 862 dioendi
1358 816 1427 878 opus

307 895 518 970 elaboratum
539 893 633 976 idque
654 911 727 958 oum
748 894 902 958 eonstaret
923 912 959 958 ex
981 893 1119 975 quinque
1148 893 1319 958 notissimis
1341 894 1427 977 parti·

309 993 376 1068 bus,
399 1011 488 1057 nemo
509 991 540 1056 in
565 991 672 1073 aliqua
686 991 774 1075 parte
797 1009 905 1055 earum
921 990 1045 1055 omuino
1066 990 1148 1056 nihil
1163 991 1294 1074 poterat.
1309 991 1347 1055 In
1362 1009 1427 1074 qua·

309 1109 442 1172 eumque
464 1089 546 1154 enim
569 1107 631 1152 una
657 1088 748 1170 plane
771 1087 941 1165 clauderet,
964 1089 1066 1153 orator
1080 1107 1146 1153 esse
1169 1107 1228 1153 uon
1242 1090 1359 1172 possm:
1381 1088 1428 1153 sed

236 1203 290 1258 215
309 1191 413 1253 tamen
435 1187 517 1251 alius
539 1187 571 1251 in
587 1185 650 1250 alie
671 1185 841 1251 excellebat
856 1186 968 1271 magis.
983 1185 1170 1269 Reperiebat
1190 1187 1267 1269 quid
1282 1186 1346 1251 diei
1359 1206 1428 1270 opus

309 1288 408 1364 esset,
434 1286 466 1350 et
488 1283 639 1368 quomodo
660 1283 836 1369 praeparari
860 1285 892 1348 et
914 1302 975 1365 quo
995 1283 1063 1349 looo
1085 1283 1200 1361 locari,
1224 1285 1427 1367 memoriaque

309 1403 345 1449 ea
356 1382 632 1466 comprehendebat
643 1381 807 1459 Antonius,
823 1381 993 1446 excellebat
1007 1383 1114 1446 autem
1128 1381 1263 1447 actione:
1286 1383 1428 1464 erantque

309 1481 337 1546 ei
360 1479 511 1564 quaedem
534 1499 569 1544 ex
591 1479 639 1544 his
661 1479 837 1566 periaoum
853 1478 969 1557 Crasso,
986 1477 1139 1562 quaedam
1154 1479 1251 1544 etiam
1266 1480 1427 1564 superiora.

308 1580 352 1644 At
374 1577 475 1644 Crassi
490 1577 590 1662 magis
603 1577 741 1642 enitebat
759 1577 867 1641 oratio.
883 1575 948 1641 Neo
962 1595 1033 1642 vero
1049 1574 1187 1659 Sulpieio
1210 1596 1311 1660 neque
1327 1577 1427 1642 Cottae

307 1811 375 1850 euna
394 1795 499 1848 cultura
517 1795 620 1848 storioa.
633 1822 667 1832 -
677 1792 819 1860 publicum
836 1793 880 1846 ios
923 1794 991 1859 prio.
1004 1797 1031 1847 et
1040 1792 1089 1847 ab,
1109 1792 1186 1861 Dru,
1197 1793 1219 1856 Ι,
1237 1794 1261 1859 1,
1275 1794 1298 1857 1,
1311 1792 1343 1846 2:
1362 1811 1428 1862 ‹pu-

308 1865 406 1920 blioum
425 1865 466 1918 ius
484 1867 524 1918 ast
543 1863 611 1934 quod
630 1863 663 1916 ad
682 1865 785 1918 statum
803 1864 841 1916 rei
858 1879 981 1917 romanae
998 1866 1101 1932 speotat
1113 1884 1139 1928 ’3
1157 1879 1171 1918 e
1189 1864 1313 1934 regolare
1332 1865 1357 1918 le
1369 1865 1429 1919 rola-

308 1937 377 1990 zioui
386 1936 428 1990 dei
437 1935 561 1989 eittadini
574 1951 646 1988 verso
656 1934 681 1987 io
695 1934 779 1988 Statu.
791 1933 866 2002 Dip„
877 1933 953 1988 ibid:
971 1957 983 1983 ‹
995 1934 1129 2004 privatum
1141 1933 1211 2006 quod
1221 1935 1256 1990 ad
1267 1935 1427 2005 singulorum

309 2008 457 2062 utilitatem
474 2005 599 2076 (spectat)
612 2027 637 2059 u.
657 2005 682 2059 ΙΙ
701 2005 743 2059 ius
757 2005 896 2073 privatum
915 2005 958 2076 poi
985 2005 1008 2059 si
1032 2002 1153 2060 dividava
1171 2006 1200 2060 in
1218 2009 1354 2072 naturale,
1370 2023 1428 2076 pen·

309 2079 377 2132 oum
395 2094 408 2131 e
427 2077 509 2131 civile
528 2075 603 2132 Bada
620 2075 714 2146 quindi
732 2077 788 2141 ohe,
806 2076 913 2130 essendo
932 2077 952 2130 il
969 2076 1043 2131 simle
1062 2093 1115 2130 una
1133 2081 1209 2146 parte
1227 2077 1270 2131 del
1283 2079 1427 2146 privatam

309 2148 362 2204 Cio.
383 2149 483 2216 collega
502 2148 511 2200 i
530 2147 580 2202 due
598 2147 705 2201 termini
723 2147 752 2202 in
771 2164 807 2200 un
826 2147 880 2200 solo
898 2146 1013 2201 membro
1041 2165 1086 2216 per
1110 2164 1198 2202 mezzo
1215 2148 1310 2216 dallei,
1329 2152 1428 2204 mentre

308 2237 336 2274 se
355 2219 422 2273 iusso
441 2218 474 2273 ad
493 2235 548 2272 easo
566 2220 749 2288 oontrapposto
768 2218 879 2273 avrebbe
893 2218 1000 2272 scritto:
1019 2235 1075 2272 noro
1089 2217 1229 2288 publo’eum
1247 2221 1299 2284 ires,
1311 2221 1426 2289 κοπρή-

308 2296 409 2354 rotomi
430 2305 486 2344 uon
504 2289 586 2344 ciuile.
605 2289 655 2344 Del
673 2290 719 2344 ius
732 2290 871 2358 privatum
890 2289 932 2358 poi
960 2291 1006 2358 qui
1033 2290 1056 2342 si
1083 2288 1217 2344 considera
1236 2290 1292 2344 solo
1308 2291 1330 2344 il
1349 2291 1428 2351 etoile

306 2378 379 2416 oome
397 2361 485 2431 quello
504 2360 550 2415 elne
568 2364 619 2430 pub
638 2377 720 2414 essere
747 2360 815 2414 utile
842 2360 868 2412 ai
896 2361 991 2414 cultori
1012 2360 1079 2414 dalle
1097 2366 1169 2415 artes
1187 2360 1312 2415 honestae
1330 2379 1345 2416 e
1364 2362 1428 2416 nelle

307 2449 384 2487 cause
412 2432 492 2486 oivili.
513 2463 546 2471 -
566 2431 616 2486 boe
627 2435 770 2501 :questa
796 2447 945 2485 manoanza
965 2461 999 2470 —
1018 2437 1044 2486 et
1060 2433 1167 2502 mayrois
1190 2432 1298 2501 quidem
1310 2451 1371 2487 =e
1389 2449 1429 2502 per

247 2515 255 2540 ⁸·
309 2505 394 2558 verita
412 2503 527 2557 distinti.
547 2533 581 2544 -
600 2501 676 2572 Sulpa
695 2502 763 2556 Aut.
783 2519 808 2555 v.
827 2501 957 2565 202-203;
978 2501 1100 2557 139-143.
1128 2503 1142 2556 l
1167 2503 1218 2556 due
1236 2519 1289 2558 aco.
1307 2521 1372 2558 sono
1394 2510 1429 2557 at·

307 2575 390 2628 tratti
416 2573 460 2628 dal
488 2589 562 2642 quos.
582 2603 617 2612 —
634 2590 720 2628 uuum
738 2573 777 2628 ill.
796 2573 847 2627 die
865 2589 933 2642 opus
944 2597 980 2620 =
991 2573 1094 2628 almeno
1118 2573 1208 2643 quella
1234 2577 1310 2644 parte
1333 2575 1383 2629 ohe
1400 2575 1428 2628 ri·

307 2643 410 2714 guarda
427 2645 621 2714 propriamente
639 2645 769 2700 l'oratore.
789 2660 814 2698 v.
833 2643 885 2699 200
904 2661 971 2714 opus
988 2645 1146 2700 oratoriam
1166 2674 1201 2685 -
1219 2644 1313 2700 habeb.
1333 2646 1429 2701 elabor.

307 2731 473 2770 :avevano
491 2715 617 2769 ooltivato
644 2732 691 2769 eon
719 2732 782 2769 eura
800 2732 814 2768 e
833 2716 1015 2784 possederano.
1039 2746 1075 2756 ·—
1092 2732 1126 2770 oo
1143 2717 1271 2784 quinque.
1290 2734 1315 2770 v.
1333 2717 1378 2772 25.
1397 2747 1428 2756 —

307 2792 449 2842 consuler.
469 2785 494 2838 ll
512 2787 628 2855 pensiero
646 2785 674 2840 di
692 2785 745 2842 Cio.
768 2786 803 2839 ha
821 2786 867 2855 qui
886 2803 922 2840 un
942 2787 1028 2841 valore
1045 2787 1162 2842 assoluto
1180 2804 1195 2841 e
1213 2788 1342 2858 generale,
1361 2790 1427 2842 mad

309 2874 391 2911 messe
409 2858 438 2912 in
457 2856 585 2912 relaziona
603 2858 643 2912 ool
662 2861 749 2926 tempo
769 2856 811 2910 del
830 2856 907 2911 verbo
925 2858 1006 2926 prino.
1017 2863 1132 2926 poterut.
1151 2859 1266 2913 Traduoi
1280 2861 1426 2914 tuttoeosl:

313 2927 406 2983 «delle
424 2929 516 2997 cinqua
535 2929 606 2998 parti
624 2928 651 2982 di
669 2928 711 2983 oui
724 2927 746 2981 si
757 2944 880 2996 compone
898 2928 974 2982 l'arte
993 2928 1156 2984 dell'oretore
1173 2947 1225 2985 non
1245 2946 1276 2984 vo
1288 2930 1360 2984 n'era
1373 2947 1429 2992 nna,

308 2999 336 3052 iu
355 3001 397 3053 oui
414 3001 465 3055 essi
484 2999 578 3054 fossato
597 3000 803 3053 assolutamente
821 2999 899 3052 inetti
913 3021 937 3052 ».
957 3029 993 3039 —
1010 3001 1040 3054 in
1057 3017 1226 3069 quarumque
1238 3017 1298 3054 una
1310 3024 1347 3048 =
1358 3019 1386 3056 so
1403 3001 1428 3054 iu

308 3087 361 3125 una
379 3070 442 3136 sola,
455 3072 606 3141 qualunqua
624 3087 680 3124 essa
699 3070 772 3124 fosse.
790 3101 824 3109 —
837 3064 972 3125 ebrudd‘ret
982 3095 1019 3116 =
1030 3071 1210 3138 claudicarem
1228 3089 1273 3125 ma
1286 3072 1357 3126 nsasi
1370 3072 1428 3132 solo,

307 3159 379 3267 ἵέῑὲθ
397 3143 450 3210 qui,
470 3143 497 3195 iu
517 3158 590 3268 εῆηεο
608 3141 768 3224 mptaforioo.
788 3142 839 3226 Per
857 3142 877 3194 il
890 3145 984 3266 lteutrpo
1003 3142 1084 3210 (oome
1096 3143 1178 3272 3110?
1195 3145 1361 3282 mg}
1374 3142 1429 3267 vadi

364 3253 370 3266 .
398 3243 433 3252 —
460 3230 521 3268 exce
543 3254 549 3267 .
569 3229 757 3282 mopaa=era
785 3230 831 3281 pru
856 3230 932 3266 naen
947 3229 969 3266 e.
993 3243 1026 3252 -
1168 3254 1175 3266 .
1360 3255 1368 3268 .

309 3283 406 3338 minoia
424 3285 450 3337 in
470 3284 527 3338 ital.
556 3283 596 3337 ool
619 3301 666 3352 sog
686 3324 691 3337 .
711 3285 776 3338 oosi:
796 3283 920 3344 Antonio,
940 3300 985 3352 per
1002 3285 1123 3354 esempio,
1142 3300 1238 3353 sapere
1265 3287 1379 3339 trovato.
1398 3315 1429 3324 -

307 3354 377 3424 quiri
394 3355 449 3408 dici
465 3371 532 3424 opus
550 3371 596 3409 eas.
611 3353 634 3408 v.
651 3301 713 3410 139:
732 3356 823 3409 omnia
832 3355 973 3409 amabant
984 3355 1104 3410 Antonio
1117 3356 1146 3409 iu
1158 3361 1272 3410 mentem
1284 3355 1428 3428 (obventio).

307 3455 344 3466 -
363 3431 388 3480 et
406 3443 457 3494 quo
475 3426 552 3517 ¹modo
567 3425 739 3510 praeparari.
760 3427 789 3480 Si
807 3426 907 3508 oapisoe
925 3426 979 3489 ohe,
999 3443 1069 3479 come
1088 3425 1112 3480 le
1130 3426 1218 3509 parole
1236 3427 1387 3511 precedenti
1400 3427 1430 3479 ri·

308 3495 683 3622 {littlttltlltebl
700 3503 822 3621 iiiii
834 3497 1090 3636 {tertuli
1102 3497 1430 3640 tltttttplltl

309 3655 333 3691 v.
349 3639 412 3693 140:
431 3640 461 3692 io
479 3640 565 3693 uerbis
610 3639 680 3694 nibil
691 3642 739 3692 eto.
755 3670 790 3677 -
802 3643 828 3692 et
841 3654 895 3707 quo
908 3640 962 3693 loeo
974 3640 1021 3693 loo.
1035 3655 1059 3693 v.
1076 3639 1139 3693 139:
1157 3655 1241 3708 euque
1252 3657 1303 3696 suo
1312 3656 1430 3710 quaeque

308 3709 365 3764 loeo
384 3713 435 3762 eto.
455 3739 489 3748 -
508 3725 582 3763 mem.
601 3710 784 3779 eomprebend.
805 3728 829 3763 v.
850 3710 915 3763 139:
934 3716 993 3764 erat
1007 3711 1135 3766 memoria
1151 3727 1256 3764 summu
1275 3712 1430 3781 (memoria).

309 3809 344 3818 -
363 3777 451 3833 excell.
468 3804 505 3826 =
520 3797 564 3834 ma
582 3780 602 3835 il
621 3797 667 3834 suo
694 3781 815 3851 maggior
842 3782 932 3850 pregio
955 3796 1006 3835 era.
1026 3782 1108 3836 —in
1126 3783 1238 3836 actione.
1258 3799 1283 3836 v.
1304 3783 1368 3838 141:
1386 3781 1432 3837 aad

307 3866 370 3975 ἓαρηὲ
388 3850 461 3974 lbere
487 3866 588 3978 w
597 3854 653 3977 {te
673 3852 821 3978 7250&th
832 3876 869 3898 =
881 3851 919 3934 di·
927 3855 1019 3923 queste
1037 3852 1110 3978 dog&
1131 3883 1166 3892 -
1189 3853 1332 3958 quaedam·
1337 3854 1429 3977 pass‘a.

308 3938 532 4064 vdieratdtiepvrtib}
548 3939 601 4048 eiaot
616 3938 1287 4064 ffiosgmo’vesse{ffirffgqqs(}0uffiraq?0‚³ufer14{
1298 3939 1432 4063 2134er

308 4064 449 4120 nell'aciio.
469 4097 504 4106 -
522 4065 563 4119 Ar
583 4064 685 4120 draeo.
702 4065 773 4120 Nota
786 4065 812 4119 la
824 4065 994 4134 dispositione
1013 4082 1058 4136 per
1076 4065 1190 4119 chiasmo
1208 4065 1319 4136 rispetto
1331 4066 1366 4120 ad
1376 4067 1432 4121 An·
