3042 4692
316 257 374 324 108
708 277 742 320 ιι.
759 277 862 322 runnu
881 272 1038 322 cronnoms

315 390 487 458 severitatis
509 389 594 466 satie,
611 387 773 456 Scaevolae
789 389 891 456 multa
904 389 938 454 in
952 389 1116 456 severitate
1137 409 1197 456 non
1211 389 1317 456 deerat
1330 393 1434 456 temen

246 489 296 544 149
315 489 455 559 comites.
477 488 573 574 Licet¹
587 487 691 554 omnia
712 489 771 554 hoc
785 487 888 555 modo:
911 487 965 554 sed
985 506 1091 554 vereor
1111 507 1150 554 ne
1172 488 1250 575 fingi
1271 487 1434 554 ridenninr

315 589 400 668 haec,
422 587 459 652 ut
480 586 623 654 dicentur
645 605 663 652 e
685 605 734 653 me
757 585 891 670 quodem
906 585 1012 662 modo;
1035 606 1084 654 ree
1097 588 1203 653 tamen
1217 587 1263 653 nic
1284 606 1317 653 ee
1331 587 1433 652 habet.

315 685 395 753 Oum
416 685 516 752 omnis
538 685 637 752 virtus
662 685 713 764 eit,
736 687 774 752 ut
788 685 899 765 vestro
921 685 1029 764 Brute,
1050 685 1140 752 vetus
1161 685 1333 751 Academia
1348 685 1434 764 dixit,

314 783 530 864 mediocritas,
552 785 680 868 uterque
702 785 815 850 horum
836 782 974 849 medium
1007 782 1156 866 quiddam
1178 784 1303 850 nolebat
1332 785 1435 868 nequi:
1496 770 1498 893 i

276 898 277 902 ’
314 883 367 950 sed
381 883 426 950 ita
441 883 579 962 cadebat,
594 883 632 948 ut
642 881 722 950 alter
734 901 771 948 ex
785 881 914 948 citerius
928 880 1022 948 laude
1036 882 1168 966 partem,
1183 882 1316 965 uterque
1332 883 1436 948 antem
1496 896 1498 993 ι

314 999 404 1048 suam
425 983 523 1046 totam
545 981 683 1047 heberet.
1496 996 1497 1037 ι

246 1094 297 1150 150
357 1079 440 1144 Tum
454 1079 586 1144 Brutus:
610 1077 689 1143 Cum
707 1097 743 1143 er
764 1077 971 1145 irroratione
992 1076 1073 1142 mihi
1094 1075 1209 1158 videor,
1231 1077 1347 1161 inquit,
1362 1078 1435 1144 bene

315 1176 460 1243 Crassum
482 1178 514 1242 et
528 1175 706 1243 Scaevolam
727 1178 913 1260 cognovisse,
935 1176 1005 1240 tum
1019 1174 1057 1241 de
1072 1176 1104 1241 te
1122 1176 1154 1240 et
1164 1173 1202 1242 de
1218 1175 1285 1242 Ser,
1297 1175 1435 1261 Sulpicio

315 1274 453 1360 cogitans
475 1293 538 1342 esse
561 1273 728 1357 quemdem
749 1273 836 1340 vobis
857 1291 930 1339 cum
951 1273 1018 1340 illie
1038 1271 1280 1340 similitudinem
1302 1273 1416 1342 iudico.

358 1371 508 1453 Quonam,
530 1373 669 1456 inquom,
691 1373 772 1438 istuc
795 1372 907 1439 modo?

358 1469 440 1551 Quia
461 1471 540 1537 mihi
562 1472 594 1538 et
620 1472 656 1536 tu
678 1469 812 1551 videris,
833 1470 955 1554 inquit,
976 1469 1102 1545 tantum
1130 1469 1214 1535 iuris
1231 1469 1338 1536 civilis
1363 1471 1436 1538 scire

316 1735 362 1775 suo
380 1721 459 1790 gusto
476 1719 612 1786 finissimo,
630 1735 645 1773 c
664 1718 778 1784 Semele,
797 1717 868 1772 nclln
886 1733 934 1772 ene
952 1716 1108 1787 semplicitd,
1121 1733 1173 1771 non
1185 1733 1230 1771 ero
1242 1717 1319 1786 privo
1330 1717 1359 1772 di
1371 1716 1437 1771 buon

316 1794 401 1861 gusto.
430 1790 553 1846 Cicerone
578 1791 607 1844 in
629 1790 714 1855 Orat,
734 1791 769 1844 73
795 1788 887 1860 epiego
913 1789 933 1844 il
961 1791 1079 1843 conceito
1106 1788 1148 1844 ch'
1158 1789 1213 1860 egli
1237 1788 1274 1843 ho
1301 1788 1346 1843 del
1370 1789 1436 1843 bnon

316 1864 394 1933 gneio
412 1863 488 1917 unito
506 1862 560 1916 alla
578 1861 726 1932 complicita
744 1861 860 1931 inscito
878 1860 1046 1931 d'eloqncnra
1058 1876 1106 1914 con
1124 1859 1257 1930 l'ceempio
1275 1859 1305 1914 di
1323 1860 1376 1925 chi,
1388 1878 1437 1914 non

316 1933 425 1989 volendo
443 1936 536 2003 troppo
563 1933 647 1987 eforzo
673 1932 728 1987 allo
746 1949 794 1986 sne
814 1948 912 1998 mensa,
930 1930 1097 1986 cerchcrcbbe
1115 1933 1139 1984 ei
1166 1932 1194 1986 lo
1217 1931 1377 2001 semplicitd,
1395 1948 1437 1986 ιιιι

316 2022 368 2058 non
386 2003 559 2073 prenderebbe
577 2005 586 2056 i
605 2004 683 2074 primi
701 2003 788 2058 arredi
804 2003 852 2058 che
870 2003 910 2074 gli
927 2003 1084 2072 copiteeeero
1103 2003 1147 2057 tre
1164 2003 1189 2056 le
1207 2003 1289 2067 moni,
1302 2003 1438 2057 beneieoe

316 2075 448 2146 glierebbe
465 2075 547 2146 quelli
565 2075 612 2130 che
630 2074 765 2130 sembrano
783 2091 799 2128 a
816 2074 857 2129 lui
872 2075 882 2128 i
896 2074 941 2143 pid
958 2074 1131 2129 convenienti.
1145 2103 1180 2114 -
1191 2074 1280 2130 comit.
1292 2099 1330 2122 =
1340 2075 1437 2144 giezin

260 2164 263 2171 ·
318 2177 352 2188 -
370 2161 450 2202 ιοοοι.
463 2147 624 2217 :grevitt
643 2177 678 2186 -
758 2150 835 2204 149.
855 2146 913 2202 dicet
929 2162 999 2201 omn.
1021 2145 1070 2200 hoe
1087 2144 1172 2200 modo.
1191 2144 1251 2198 Non
1269 2144 1299 2198 di
1321 2146 1393 2212 redo,
1412 2146 1438 2199 in
1498 2158 1499 2209 ι

317 2221 387 2273 certe
404 2217 481 2273 breve
499 2217 658 2288 depressioni,
677 2234 690 2271 e
708 2220 858 2287 eoprotutto
885 2216 929 2270 nel
956 2220 1018 2272 tono
1042 2216 1222 2286 inmiglinrec
1244 2215 1291 2286 pid
1310 2216 1397 2272 ricino
1414 2217 1439 2270 cl
1498 2232 1499 2235 ¹

317 2290 474 2360 linguaggio
491 2291 601 2360 perlato,
614 2305 684 2344 come
696 2289 765 2344 nelle
782 2289 877 2343 lettere
888 2304 903 2342 c
914 2288 957 2344 nel
970 2287 1082 2358 dialogo,
1094 2287 1118 2341 ei
1129 2287 1166 2341 he
1177 2285 1281 2342 l'ellisei
1293 2287 1338 2343 del
1355 2287 1439 2343 verbo.

318 2361 369 2428 Qui
387 2366 451 2416 ecit.
469 2377 622 2431 componere
633 2385 669 2408 =
681 2360 703 2414 si
721 2359 846 2430 potrebbe
864 2359 934 2414 nello
952 2363 1034 2414 stenen
1053 2358 1128 2414 modo
1145 2357 1311 2414 confrontnre
1323 2360 1365 2430 gli
1376 2359 1439 2414 altri

317 2433 391 2504 pregi
409 2432 449 2488 de’
462 2432 512 2487 dne
531 2432 635 2489 oratori.
654 2463 689 2474 -
706 2431 778 2502 finci
787 2456 823 2479 =
835 2431 902 2485 chio
913 2431 939 2486 le
950 2431 1061 2486 inventi.
1077 2460 1112 2471 -
1125 2435 1156 2485 ιιι
1167 2430 1217 2486 die.
1230 2431 1352 2500 quodam
1364 2432 1439 2486 modo

318 2521 410 2574 :per
428 2504 490 2569 fare,
509 2503 643 2574 perlando,
663 2521 699 2558 un
717 2503 895 2573 po’d'effetto.
922 2501 1044 2574 Quodam
1069 2502 1148 2558 medo
1174 2503 1197 2555 ei
1224 2519 1326 2571 oppone
1344 2519 1362 2556 ιι
1378 2519 1439 2572 quo

318 2591 429 2644 eumque
446 2593 462 2630 o
479 2577 553 2630 οιιιιιιΙ
568 2575 655 2660 ιιιοάοζ
671 2591 686 2628 e
703 2575 783 2658 dioesi
801 2574 829 2629 di
846 2590 905 2629 cose
923 2575 1001 2658 seim·
1016 2591 1091 2628 «non
1109 2572 1138 2628 in
1150 2571 1305 2643 qnolnnqne
1326 2574 1402 2627 modo
1414 2595 1439 2638 ι,

318 2662 366 2772 ti
380 2643 1258 2787 inretitiittttddt&dedicent
1275 2644 1456 2770 iiiii-¹3·
1499 2706 1500 2749 ι

318 2793 523 2844 condamnetur
540 2789 626 2844 Acori.
648 2806 671 2844 v.
691 2789 797 2844 Introd.
816 2788 844 2842 lI
864 2805 879 2842 o
899 2788 957 2843 120.
977 2789 1016 2843 La
1035 2788 1191 2843 mneeimao
1213 2785 1257 2840 cui
1275 2787 1332 2842 Cic.
1351 2787 1438 2842 allode

319 2875 363 2914 ere
375 2859 565 2929 propriamente
583 2859 651 2916 della
669 2860 756 2914 eenole
775 2859 953 2929 peripatetica,
972 2859 1019 2914 che
1036 2860 1083 2928 qni
1095 2859 1178 2921 vieno,
1195 2873 1268 2912 come
1286 2859 1315 2912 al
1332 2876 1360 2912 n.
1383 2859 1439 2921 120.

318 2947 403 2985 mensa
420 2931 528 2986 insieme
545 2947 592 2986 con
609 2930 777 2986 l¹docdemie.
796 2929 916 2995 Aristot,
934 2931 1008 2986 Eric.
1026 2932 1141 2999 Nicom,
1159 2927 1194 2993 II,
1216 2927 1248 2982 5:
1263 2929 1388 2998 μεσοιης
1399 2947 1440 2995 τις

319 3004 372 3069 ἄρα
390 3001 467 3056 ἐστὶν
485 3005 503 3069 ἡ
521 3003 607 3069 ἀρετὴ
625 3003 801 3067 στοχαστικὴ
818 3018 848 3066 γε
865 3002 939 3056 odon
956 3007 1008 3056 'rod
1027 3003 1122 3067 μέσου.
1145 2999 1168 3053 Ε
1192 2997 1257 3066 cie,
1274 2999 1308 3052 de
1333 2997 1397 3066 Off„
1418 2998 1439 3059 1.

318 3070 366 3126 89:
392 3070 622 3126 «mediocritatem
641 3072 716 3125 illem
734 3087 802 3141 quae
819 3074 860 3125 eet
878 3070 948 3125 inter
971 3072 1082 3125 nimium
1100 3073 1129 3124 ct
1146 3087 1249 3140 perum,
1267 3085 1339 3138 qnae
1351 3070 1439 3140 planet

365 3141 372 3156 .
451 3142 481 3155 ..
576 3146 583 3172 ,
629 3143 635 3156 .
861 3141 867 3162 ,
995 3143 1001 3156 .
1192 3142 1198 3155 .
1242 3142 1249 3154 .

318 3140 1441 3291 recredetnictitpraedictionemrecreent

318 3283 385 3338 ciale
403 3283 542 3340 drffcrenza
561 3287 602 3340 tro
622 3285 648 3340 le
666 3285 771 3340 vecchio
789 3284 929 3340 Academia
947 3284 979 3339 ed
997 3284 1007 3338 i
1024 3284 1102 3354 primi
1120 3285 1225 3354 segnaci
1244 3283 1288 3338 dcl
1306 3283 1441 3353 Peripate.

319 3355 414 3421 Acori..
439 3355 461 3424 1,
487 3357 534 3422 173
553 3357 585 3411 dc
609 3357 683 3422 Fre„
705 3356 736 3421 V,
763 3357 788 3410 7.
807 3387 842 3398 -
859 3357 1028 3411 medicem:
1048 3355 1068 3409 il
1090 3356 1179 3425 gineto
1203 3372 1300 3410 mezzo.
1313 3382 1350 3396 -
1374 3354 1440 3410 med.

319 3427 411 3496 quirici.
433 3427 481 3482 ool.
500 3429 577 3497 ecqui
587 3451 623 3474 =
635 3429 658 3482 ei
676 3427 800 3483 studiana
817 3429 845 3482 di
863 3427 962 3482 evitare
980 3427 1020 3496 gli
1043 3427 1158 3481 eetremi.
1177 3456 1211 3467 -
1229 3426 1352 3481 οοᾱοῠσι.
1372 3425 1442 3480 som

319 3500 340 3553 il
357 3515 430 3569 segg.
449 3515 492 3554 reo
503 3523 539 3545 =
550 3515 594 3554 mn
612 3516 645 3554 ne
663 3499 798 3554 cnvenire.
817 3529 853 3538 -
871 3499 939 3554 aiter
991 3498 1052 3552 hod.
1063 3497 1163 3563 =che,
1183 3501 1286 3552 mentre
1303 3497 1381 3552 l’nno
1392 3514 1442 3552 ocr-

319 3586 383 3624 covo
400 3569 428 3624 di
445 3587 528 3636 overe,
547 3571 574 3625 in
593 3573 677 3641 parte,
695 3571 705 3623 i
723 3571 797 3640 pregi
815 3570 956 3634 dell'alim,
968 3569 1089 3624 cicecnno
1106 3587 1139 3624 ne
1157 3585 1240 3625 erere
1258 3586 1311 3623 uno
1327 3568 1379 3624 che
1398 3586 1441 3623 ero

320 3643 394 3694 tutto
412 3642 522 3711 proprio.
543 3672 577 3683 —
648 3645 726 3700 150.
744 3643 770 3712 ο)
789 3641 931 3697 conitendo
959 3644 1002 3695 tra
1029 3641 1060 3708 Q„
1088 3639 1196 3696 Sceroln
1216 3657 1231 3695 e
1249 3640 1304 3695 Ser.
1323 3638 1442 3710 Sulpicio

331 3712 387 3778 XL,
408 3713 552 3779 lid-XLII,
573 3713 643 3783 157).
662 3743 698 3754 -
715 3728 786 3767 eom.
810 3711 888 3766 Trad
916 3712 956 3766 col
982 3715 1072 3767 nostro
1089 3729 1124 3767 ee.
1150 3742 1186 3752 -
1204 3711 1367 3782 cognovisse.
1388 3711 1443 3765 Che

338 3783 460 3837 iderenze
478 3785 514 3840 c'e
532 3787 575 3838 tra
592 3799 745 3853 coynorcore
763 3801 778 3838 e
794 3783 966 3854 ooqoooceec?
993 3813 1028 3824 -
1052 3783 1109 3839 Ser.
1127 3782 1205 3852 Soio.
1225 3800 1250 3838 v.
1268 3783 1335 3838 Die.
1356 3783 1441 3907 otigr.

320 3883 355 3896 -·
372 3855 447 3909 ictuc.
468 3873 490 3910 v.
512 3856 553 3911 12.
573 3855 700 3912 Settest.
713 3861 787 3910 -ct
804 3861 898 3912 tumet
915 3854 990 3912 Sero.
1002 3879 1039 3901 =
1050 3856 1151 3915 mentre
1168 3858 1234 3909 tu...
1245 3852 1336 3908 Servio
1411 3855 1442 3908 ic.

320 3942 401 3980 evera
418 3927 571 3981 comincieto
590 3926 622 3982 ed
641 3927 781 3996 applicarsi
798 3927 853 3982 alle
871 3927 1088 3998 giurisprndenno
1104 3926 1177 3980 cotto
1194 3924 1316 3995 l'ongnre
1333 3924 1443 3982 Seeroln

319 3997 354 4068 (v.
375 3997 460 4064 Loci,
477 3999 498 4064 1,
522 4000 534 4052 1
554 3998 644 4053 eDiz.
664 3999 758 4070 bicor.)
776 4016 790 4054 e
808 3998 943 4069 pidterdi,
961 4015 978 4052 ιι
996 3997 1168 4068 oomiglienze
1188 3995 1217 4050 di
1235 3997 1339 4062 Cranno,
1360 4013 1443 4052 avora

320 4069 474 4126 eomincicto
497 4086 515 4124 ιι
535 4069 645 4126 scrivere
667 4087 704 4125 un
727 4072 844 4126 trnttnto
873 4068 945 4128 ede,
958 4069 1014 4124 iure
1039 4069 1089 4126 cir.
1107 4069 1137 4124 in
1155 4071 1243 4124 artem
1262 4068 1444 4141 redigendo».
