3042 4692
448 319 580 377 sauros,
604 318 752 379 666166,
776 301 894 365 48-51
1195 299 1235 362 85

115 453 145 498 se
168 433 206 498 61
221 434 304 499 artes
320 431 542 516 componendas
556 431 762 498 transtulisse.
786 431 875 497 XIII.
890 431 932 496 Ilt
947 428 1092 497 Graeciae
1108 429 1234 515 quidem
1251 443 1286 500 49

116 532 269 598 oratorum
290 533 398 614 pertus
420 531 513 614 atque
535 530 632 595 fontes
647 529 741 610 vides,
765 529 804 595 ad
819 530 991 596 nostrorum
1004 530 1173 594 ‘annalium
1188 551 1234 595 ra·

115 629 229 695 tionem
251 631 377 704 veteres,
400 628 439 693 ad
461 628 597 712 ipsorum
620 647 691 693 sane
714 629 858 694 recentes.
884 626 966 692 Nam
988 628 1059 692 ante
1075 646 1170 710 quam
1185 627 1234 692 de-

115 727 228 793 lectata
249 728 297 793 est
317 726 554 792 Atheniensium
577 725 687 792 civitas
708 726 767 791 hac
785 725 877 791 laude
899 724 1030 804 dicendi,
1053 725 1155 790 multa
1168 726 1233 791 iam

114 825 328 892 memorabilia
349 825 380 891 et
402 825 434 889 in
457 824 633 891 domesticis
655 826 687 890 et
702 825 734 889 in
750 823 872 890 bellicis
886 825 978 890 rebus
1000 824 1150 890 effecerat.
1165 824 1233 889 Hoc

114 925 218 989 autem
233 923 374 989 studium
388 942 448 988 non
463 923 530 988 erat
547 941 708 988 commune
725 921 882 1002 Graeciae,
898 921 952 988 661
965 921 1123 1006 66666166
1138 920 1233 987 Athe·

112 1041 232 1088 narum.
256 1019 333 1102 Quis
355 1021 438 1086 enim
461 1022 516 1086 aut
537 1021 690 1106 Argivum
712 1021 861 1086 oratorem
880 1020 936 1085 aut
957 1019 1154 1086 Corinthium
1176 1023 1285 1087 66156

112 1121 294 1186 Thebanum
320 1120 380 1185 scit
406 1119 500 1184 161666
523 1119 714 1202 temporibus
736 1119 824 1184 illis?
856 1119 917 1183 nisi
948 1117 1023 1202 quid
1050 1118 1088 1184 16
1109 1118 1232 1201 1166661-

111 1217 210 1284 66616
232 1217 320 1284 16616
341 1216 465 1283 homine
480 1216 631 1300 suspicari
645 1217 732 1282 libet.
756 1215 1033 1282 Lacedaemonium
1048 1235 1118 1305 vero
1133 1234 1231 1299 usquo

111 1315 149 1379 ed
163 1317 222 1381 hoc
237 1316 360 1398 tempus
379 1315 485 1380 audivi
503 1315 598 1380 fnisse
616 1315 782 1381 neminem.
797 1315 975 1381 Menelaum
989 1315 1093 1398 ipsum
1108 1312 1231 1379 dulcem

110 1412 202 1478 illum
226 1412 353 1496 quidem
374 1412 471 1478 tradit
492 1413 646 1479 Homerus
655 1447 668 1492 ‚·
690 1413 743 1479 661
769 1432 870 1496 66666
898 1413 1060 1478 dicentem.
1088 1412 1230 1478 Brevitas

110 1513 215 1577 autem
237 1511 307 1576 laus
329 1511 376 1576 est
396 1511 554 1576 interdum
575 1511 608 1576 in
631 1511 739 1595 aliqua
760 1513 847 1595 parte
870 1511 1001 1590 dicendi,
1027 1511 1059 1575 in
1087 1511 1230 1576 universa

110 1609 286 1693 eloquentia
305 1607 432 1675 laudem
453 1627 513 1675 non
536 1609 638 1675 habet.
665 1609 709 1674 At
730 1627 801 1675 vero
824 1610 910 1675 entra
932 1607 1094 1675 Graeciam
1117 1627 1230 1693 magna
1247 1620 1280 1675 51

109 1707 231 1772 dicendi
254 1706 358 1772 studia
379 1707 505 1772 fuerunt
526 1706 715 1792 maximique
737 1707 812 1773 huic
827 1707 913 1772 laudi
927 1707 1028 1772 habiti
1050 1707 1179 1772 honores
1193 1707 1229 1770 il·

108 1805 204 1870 166166
228 1805 385 1870 oratorum
406 1824 517 1871 nomen
538 1804 746 1900 reddiderunt.
781 1805 863 1870 Nam
884 1807 923 1870 ut
943 1804 1077 1870 semele
1102 1804 1229 1870 Piraeeo

108 1901 287 1986 eloquentia
307 1905 412 1968 evecta
433 1905 489 1982 est,
511 1922 615 1969 omnes
637 1902 814 1989 peragravit
828 1903 947 1968 insulas
969 1903 1062 1986 atque
1083 1902 1129 1967 ita
1144 1921 1230 1985 pere·

108 2001 231 2086 grinata
247 2001 314 2066 tota
328 2001 403 2066 Asia
419 2003 475 2079 661,
487 2002 523 2065 61
538 2021 569 2067 66
585 2002 716 2067 extemis
731 2002 883 2068 oblineret
894 2001 1031 2067 moribus
1046 2019 1229 2083 omnemque

108 2099 196 2164 illam
211 2099 432 2166 salubritatem
447 2098 570 2164 Atticae
593 2098 737 2165 dictionis
759 2101 791 2165 et
806 2099 894 2183 quasi
905 2099 1073 2165 sanitatem
1088 2097 1229 2182 perderet

107 2272 175 2322 66166
192 2265 270 2320 credo
289 2227 696 2335 6166116116661161661666
715 2266 785 2320 66116
804 2267 885 2320 stesso
904 2282 977 2320 senso
996 2281 1042 2319 oon
1062 2265 1130 2319 cuit
1151 2266 1228 2318 66616

108 2337 139 2392 16
158 2337 256 2393 066616
274 2337 330 2405 (IV,
350 2337 375 2401 8,
394 2337 411 2390 5
430 2337 560 2405 6116161,
578 2337 600 2402 Ι,
621 2338 644 2400 6,
666 2337 746 2393 17:
764 2336 867 2407 oggetti
894 2337 989 2406 d'arte)
1017 2352 1031 2390 6
1057 2335 1105 2389 che
1129 2335 1228 2390 indichi

108 2408 163 2478 (666
176 2409 286 2463 11666661
305 2408 417 2462 16666611
436 2408 645 2462 66116116666616
663 2424 708 2477 per
726 2407 864 2478 insegnano
882 2407 992 2477 qualche
1010 2423 1077 2473 cose,
1094 2405 1141 2460 che
1160 2407 1228 2462 veni·

108 2497 171 2534 6666
192 2479 341 2549 6611116611
360 2496 436 2533 senza
464 2494 545 2533 essere
572 2479 676 2533 recitati
704 2479 792 2549 (λόγοι
809 2477 998 2547 ἐπιδεικτικοί).
1018 2478 1053 2532 Di
1071 2477 1112 2531 tal
1134 2495 1228 2547 genere

107 2553 222 2620 appunto
242 2567 321 2606 erano
339 2550 420 2605 molta
438 2549 506 2604 delle
524 2551 637 2604 oracioni
655 2550 702 2604 ohe
721 2549 835 2602 Isocrate
853 2564 1009 2617 componeva
1031 2566 1045 2603 6
1062 2549 1226 2618 6611116666,

107 2638 120 2675 6
137 2637 183 2692 666
199 2625 352 2692 presentare
378 2623 404 2675 61
415 2621 537 2690 xgioveni
555 2621 661 2676 modelli
682 2621 707 2674 d'
717 2619 867 2689 eloquenza,
886 2635 900 2672 6
918 2635 963 2688 666
981 2619 1122 2674 1111661666
1140 2621 1164 2675 16
1182 2637 1228 2676 666

107 2695 218 2762 66161661
237 2692 363 2764 661111616
381 2709 395 2746 6
413 2692 513 2748 morali.
531 2693 677 2747 61116166.
697 2693 781 2760 btopr.
801 2719 835 2730 -
870 2689 947 2745 XIll.
966 2695 1022 2748 49.
1035 2692 1111 2746 Et...
1121 2693 1227 2760 quidem

106 2766 175 2820 61166
186 2790 222 2812 =
235 2765 319 2819 666611
332 2763 443 2834 dunque.
457 2795 492 2804 -
503 2769 602 2832 partus
646 2763 739 2829 foratas,
753 2762 865 2832 61166.
884 2761 942 2816 ortt
957 2793 991 2802 -
1004 2763 1044 2816 ad
1060 2770 1143 2818 66616.
1161 2780 1226 2818 666.

105 2839 234 2892 rationem
253 2851 320 2890 6666
337 2840 385 2890 661.
397 2861 434 2881 =
445 2835 553 2889 secondo
566 2835 585 2888 il
598 2839 719 2905 computo
776 2851 800 2887 6.
814 2834 855 2889 39.
875 2863 911 2873 -
982 2836 1037 2891 60.
1056 2835 1151 2903 Argia.
1171 2835 1226 2890 Era
1326 2863 1330 2870 ·

106 2907 267 2976 proverbiale
286 2908 313 2961 la
331 2906 433 2961 brevite
446 2905 516 2976 degli
529 2905 622 2975 Argivi
641 2923 727 2976 presso
746 2905 756 2958 1
775 2905 859 2960 Greci.
874 2904 958 2958 Schol.
972 2905 1058 2969 Ρ161.,
1076 2906 1180 2969 161166,
1193 2905 1225 2971 V,

106 2979 152 3032 87:
173 2980 343 3046 μακρολόγοι
356 2978 404 3042 μὲν
417 2977 468 3030 οὖν
481 2979 507 3031 οἱ
524 2977 624 3042 Ἴωνες,
643 2979 780 3042 σύντομα(
798 2977 828 3030 δὲ
845 2976 880 3030 ob
899 2977 987 3042 μόνον
1004 2978 1143 3040 Λάκωνες,
1157 2978 1227 3032 ἀλλὰ

106 3053 147 3104 καὶ
169 3049 195 3102 ot
212 3049 340 3113 Ἀργεῖοι.
352 3047 499 3111 Σοφοκλῆς
511 3044 639 3099 Ὀδυσσεῖ
663 3046 838 3112 μαινομένῳ·
856 3044 940 3098 πάντ’
951 3046 1039 3106 οἶσθα,
1058 3046 1141 3099 πάντ’
1150 3047 1226 3099 ἔλεξα

106 3117 329 3179 τάντεταλμένα·
344 3116 430 3178 μῦθος
441 3114 493 3179 γὰρ
506 3113 647 3179 ἀργολιστί
660 3115 823 3179 συντέμνειν
836 3115 947 3179 βραχύς.
965 3142 1000 3151 -
1018 3112 1118 3166 atsi:
1129 3113 1227 3167 amala

105 3203 175 3255 6666.
187 3216 221 3226 -
232 3184 267 3238 de
285 3182 386 3250 Epom.
398 3179 476 3236 Corn.
488 3181 562 3250 Nep,
576 3181 682 3250 Epora„
700 3181 737 3234 V:
755 3203 767 3230 ι
778 3181 831 3235 1611
843 3181 924 3234 etiam
937 3181 1058 3252 disertus,
1070 3186 1102 3236 61
1115 3200 1190 3237 nemo
1202 3185 1226 3238 61

107 3257 244 3311 Thebanos
264 3255 393 3323 parasset
411 3251 662 3322 eloquentiamque
680 3253 768 3306 minus
786 3251 966 3308 66661666616
978 3253 1108 3309 brevitate
1125 3271 1226 3325 respon·

106 3327 180 3383 dandi
197 3341 280 3396 qnam
294 3324 460 3392 1666666166
479 3324 595 3378 oratione
613 3326 721 3377 ornatus
734 3344 759 3377 ›.
773 3353 808 3362 —
819 3324 917 3391 666616.
936 3326 1022 3380 Dicesi
1033 3326 1226 3396 propriamente

106 3399 172 3453 della
192 3396 339 3453 dedunione
358 3394 404 3449 che
423 3393 445 3446 si
464 3394 550 3449 ricava
569 3395 641 3449 dalla
658 3395 714 3449 sola
732 3394 933 3449 testimonianze
952 3397 1023 3466 degli
1046 3398 1168 3452 scrittori.
1190 3429 1226 3438 -

105 3471 260 3524 1666616666.
276 3466 367 3532 Thuc,
381 3464 427 3529 IV,
440 3465 488 3519 88:
509 3467 544 3534 ῆν
557 3466 716 3533 (Βρασίδας)
728 3467 797 3520 οὐδὲ
809 3466 949 3534 ἀδύνατος
961 3470 1000 3532 ὡς
1011 3469 1225 3536 Λακεδαιμόνιος

106 3542 193 3599 εἰπεῖν,
207 3571 242 3580 -
263 3539 354 3606 ipsum
365 3561 401 3582 =
413 3537 438 3589 lo
457 3539 538 3591 stesso
558 3535 682 3589 Menelao.
696 3552 720 3588 6.
734 3534 778 3589 40.
792 3535 989 3590 -1616666611
1008 3536 1082 3606 qued.
1096 3555 1120 3591 6.
1133 3537 1176 3592 28.
1190 3567 1225 3578 -

105 3609 183 3664 Hom.
196 3610 250 3678 111,
264 3609 331 3663 213:
350 3611 368 3675 ἢ
388 3624 432 3661 τοι
449 3608 498 3673 μὲν
517 3607 657 3669 Μενέλαος
675 3607 862 3672 ἐπιτροχάδην
880 3606 1021 3672 ἀγορεύειν
1045 3613 1140 3675 παῦρα
1166 3611 1224 3676 μὲν.

105 3681 170 3735 ἀλλὰ
189 3683 264 3746 μάλα
283 3681 384 3744 λιγέως.
397 3707 431 3716 -
444 3677 474 3730 in
492 3675 527 3730 al.
542 3681 623 3742 66616
642 3675 692 3728 dic.
705 3699 741 3720 =
753 3675 781 3729 16
800 3674 910 3744 qualche
928 3679 1010 3744 66616
1029 3675 1090 3730 dell'
1098 3677 1223 3732 66661666.

107 3747 216 3804 Secundo
228 3751 239 3803 i
252 3748 334 3803 reteri
347 3746 456 3813 antichi,
468 3764 491 3817 p.
507 3763 540 3800 66.
560 3743 587 3799 16
605 3745 763 3801 1666111666
776 3762 827 3799 666
841 3744 901 3800 1616
913 3748 1053 3801 6666661616
1065 3750 1224 3818 66616666-

105 3821 171 3874 66116
190 3821 249 3891 (διή
289 3819 352 3889 σις),
371 3818 558 3888 6666οεὶ61666
581 3817 623 3871 161
651 3816 719 3871 fatto
746 3816 793 3871 che
821 3817 855 3870 db
878 3817 978 3888 origine
996 3819 1021 3872 61
1041 3819 1161 3874 discorso.
1180 3822 1225 3874 De

108 3890 187 3955 Orat,
208 3887 246 3953 ΙΙ,
292 3887 334 3944 26.
355 3917 390 3928 -
407 3889 439 3942 616
459 3889 532 3944 urcio
551 3887 615 3958 6166.
634 3913 671 3934 =
692 3905 735 3942 ma
753 3905 805 3940 666
826 3891 840 3941 b
858 3905 894 3941 un
912 3890 1001 3959 pregio
1020 3890 1223 3962 dell'eloquenna

106 3961 269 4018 considerata
287 3961 330 4014 nel
350 3977 395 4015 suo
413 3959 528 4016 insieme.
548 3989 583 4001 —
664 3963 716 4018 51.
736 3963 767 4013 61
782 3975 843 4013 aero
855 3965 933 4014 66166
953 3961 1048 4017 Graec.
1062 3963 1176 4016 =fuori
1195 3963 1223 4015 di

105 4031 192 4088 Gracia
210 4033 236 4085 sl
255 4029 303 4084 ohe
357 4062 392 4074 -
411 4035 497 4099 666616
515 4036 553 4087 661
564 4031 638 4084 :iu
656 4032 762 4100 6661616
780 4029 855 4084 fuori.
874 4030 971 4086 Allude
997 4033 1118 4087 all’esilio
1137 4031 1223 4087 volon-

106 4104 169 4158 turio
186 4104 214 4159 11
233 4101 357 4158 Eschine.
376 4120 401 4158 v.
424 4103 533 4162 Dirtcc.
556 4103 639 4174 11666.
653 4133 687 4147 -
699 4102 801 4160 661616.
814 4126 850 4150 =
862 4099 882 4154 il
902 4119 977 4160 66666
989 4103 1060 4158 16116
1072 4104 1163 4174 giusta
1176 4103 1222 4157 mi·
1266 4119 1272 4123 ⁴
