3042 4692
80 21 398 120 F

428 358 560 412 suusne,
583 359 667 411 uxrv,
685 340 846 402 229-230
1134 342 1191 402 163

58 473 96 535 et
119 489 193 536 oum
215 470 316 535 multo
338 470 507 535 maioribus
529 471 621 549 natu,
644 489 739 553 quom
761 474 862 537 essent
883 470 961 555 ipsi,
984 475 1015 538 et
1037 492 1109 538 cum
1132 472 1191 537 nli-

59 570 182 651 qunnto
204 569 376 634 minoribus
398 568 658 651 compararentur.
693 569 736 634 Ut
765 569 879 634 Accius
901 569 1012 635 iisdem
1035 569 1190 636 aedilibus

59 666 111 730 ait
133 685 167 731 se
189 668 222 732 et
244 667 416 731 Pacuvium
438 665 576 732 docuisse
600 666 749 745 fabulam,
772 685 844 731 eum
866 666 922 732 ille
943 669 1110 753 octoginta,
1124 667 1190 751 ipse

61 764 199 849 triginta
222 784 316 830 ennos
338 767 430 829 natus
451 765 545 830 esset:
569 764 614 828 sic
629 765 814 830 Hortensius
836 784 894 831 non
910 784 981 831 cum
997 766 1062 832 suis
1082 785 1190 849 aequa·
1209 773 1263 829 230

61 863 152 928 libus
174 862 286 940 solum,
308 861 361 928 sed
384 865 415 929 et
429 880 499 928 meo
521 881 592 927 cum
608 864 709 928 aetate
731 865 763 928 et
777 881 849 929 cum
863 867 928 942 tua,
950 864 1104 943 Brute-et
1118 883 1190 929 oum

57 961 228 1044 aliquanto
250 961 405 1044 superiore
421 960 633 1045 coniungitur3
650 961 676 1025 si
688 960 819 1043 quidem
835 963 868 1026 et
882 959 990 1027 Crasso
1005 962 1074 1028 vivo
1090 960 1190 1026 dicere

60 1059 188 1124 solebat
209 1060 241 1124 et
263 1058 363 1143 magis
385 1058 448 1124 iem
470 1059 566 1124 etism
591 1057 714 1142 vigebat
736 1077 808 1123 cum
823 1058 968 1137 Antonio,
990 1060 1023 1124 et
1044 1058 1191 1142 Philippo
1250 1048 1253 1053 ’

61 1159 131 1221 iem
155 1175 226 1222 sene
248 1174 302 1239 pro
325 1153 380 1220 Cn.
407 1155 547 1239 Pompeii
571 1155 658 1220 bonis
680 1155 801 1221 dicente
823 1156 855 1220 in
877 1156 935 1221 ille
961 1175 1070 1235 eausa,
1093 1157 1192 1223 adole·

59 1273 156 1319 scens
178 1273 250 1318 oum
272 1257 369 1330 esset,
391 1253 532 1338 princeps
554 1253 616 1318 luit
641 1255 673 1320 et
694 1254 726 1318 in
749 1272 875 1332 eorum,
904 1273 979 1338 quos
1012 1256 1044 1319 in
1071 1253 1190 1340 Sulpici

59 1353 171 1417 aetate
193 1351 291 1435 posui,
314 1369 479 1416 numerum
502 1349 593 1416 facile
615 1352 805 1434 pervenerat,
820 1354 853 1416 et
866 1371 937 1417 suos
951 1353 1034 1418 inter
1047 1353 1192 1436 aequales

61 1451 109 1514 M.
127 1449 283 1527 Pisonem,
306 1449 349 1512 M.
373 1447 529 1524 Crassum,
552 1447 608 1514 Cn.
628 1449 808 1527 Lentulum,
830 1449 866 1514 P.
888 1450 1060 1516 Lentulum
1079 1449 1192 1516 Surum

59 1648 270 1704 dell'ordinerio.
290 1678 325 1688 -
343 1655 381 1702 ut.
395 1647 499 1711 Medo..
519 1647 578 1703 373.
598 1679 634 1688 -
652 1664 768 1717 compar.
781 1665 897 1703 :esser
914 1650 991 1703 messi
1009 1650 1037 1703 in
1055 1650 1192 1704 relacione.

60 1721 179 1776 Accius.
199 1736 223 1773 v.
243 1719 277 1773 72
296 1735 309 1772 e
328 1720 391 1774 Dis.
405 1719 489 1789 oioqr.
510 1718 615 1786 Quanto
634 1721 679 1789 qui
698 1719 812 1775 riferisce
830 1719 883 1777 uio.
903 1723 917 1773 e
935 1719 1142 1789 probabilmente
1161 1722 1193 1775 ri·

61 1797 162 1846 cavato
181 1790 324 1859 dall’operu
341 1789 525 1845 Didascalico.
544 1819 580 1830 -
598 1791 759 1846 Pacuuium.
778 1807 802 1844 r.
821 1791 886 1845 Dis.
906 1791 989 1861 biopr.
1008 1788 1117 1847 —'doe.
1136 1791 1192 1856 fob.

63 1882 89 1916 v.
113 1863 157 1916 72.
179 1859 222 1915 nu
239 1861 282 1916 nel
303 1861 361 1915 140.
381 1892 415 1902 -
487 1863 567 1920 230.
579 1866 713 1916 aetate:
725 1863 902 1932 generacione.
921 1892 957 1902 -
975 1861 1037 1931 aliq.
1055 1878 1144 1930 super.
1158 1862 1194 1911 -’-.

58 1952 75 1988 e
97 1950 148 1988 con
168 1931 251 2002 quelli
269 1933 317 1987 ote
335 1936 531 2001 appertengouo
545 1931 577 1986 ad
591 1949 643 1986 one
662 1934 831 2004 generatione
843 1934 980 1988 anteriore.
994 1963 1029 1974 -
1041 1933 1191 2002 siquidem.

59 2005 184 2060 Osserva
201 2019 272 2058 come
291 2003 316 2056 la
336 2001 428 2072 partie.
448 2004 512 2072 ipot.
531 2004 559 2056 in
578 2003 673 2057 unione
691 2020 739 2058 oon
758 2003 944 2058 l'affermetive
955 2005 1062 2072 quidem
1080 2004 1193 2074 nequisti

61 2077 222 2130 veramente
241 2090 276 2127 un
296 2074 383 2128 valore
401 2075 504 2128 causale
516 2097 551 2122 ε
563 2073 662 2144 poiche.
682 2074 733 2142 Qui
752 2075 806 2130 Cio.
825 2075 924 2144 spiegn,
936 2075 1044 2129 secondo
1063 2075 1089 2128 la
1102 2075 1194 2129 distin·

59 2148 144 2200 ziono
163 2145 244 2209 lette,
264 2145 337 2215 quali
355 2145 426 2199 eieno
445 2145 469 2200 le
487 2145 588 2200 diverse
615 2146 788 2214 generationi,
808 2146 877 2200 nelle
894 2145 967 2216 quali
985 2145 1091 2200 dorette
1109 2147 1194 2200 incon·

61 2218 150 2272 transi
171 2215 308 2270 Ortensio:
329 2217 355 2270 1⁰
373 2221 448 2271 ortae
465 2215 528 2284 aliq.
546 2217 670 2284 superior
682 2215 795 2285 (Crasso,
809 2216 932 2282 Antonio,
952 2215 1065 2286 Filippo,
1078 2217 1195 2286 Sulpicio

60 2307 76 2344 e
97 2287 235 2350 coetanei;
254 2287 282 2340 2·
300 2288 425 2356 aequales
441 2288 488 2341 soi
505 2287 552 2357 (M.
573 2287 676 2353 Pisone,
694 2287 729 2340 Μ.
750 2285 852 2352 Crasso,
872 2285 920 2341 Cn.
940 2287 1062 2353 Lentulo,
1081 2289 1111 2341 P.
1130 2288 1193 2342 Len·

61 2358 155 2430 tulo);
176 2358 205 2412 3ο
222 2364 297 2412 aetus
323 2374 381 2412 meu
408 2364 435 2412 ct
460 2363 508 2412 tua
532 2357 666 2426 (Cicerone
682 2374 733 2426 per
751 2358 848 2412 multos
872 2373 967 2424 anemo,
986 2358 1069 2412 Bruto
1088 2359 1115 2411 in
1142 2375 1195 2412 una

60 2432 124 2486 sola
144 2430 245 2497 cause).
265 2427 289 2482 Il
307 2427 411 2483 Piderit
429 2429 471 2498 poi
490 2432 657 2484 ecutnmeute
679 2435 753 2483 trove
779 2429 895 2484 indicato
912 2429 933 2483 il
952 2445 1022 2483 corso
1040 2428 1195 2483 ascendente

58 2521 75 2556 e
96 2499 272 2555 discendente
291 2499 495 2569 (lell’eloquenna
513 2500 541 2553 di
559 2498 681 2554 Ortensio
699 2499 770 2554 delle
790 2501 944 2568 espressioni
962 2499 1028 2554 oudo
1046 2503 1060 2553 e
1078 2499 1195 2553 indicato

58 2576 82 2628 il
105 2571 252 2642 passaggio
271 2569 398 2624 dell'una
425 2570 550 2625 ell’eltra
577 2570 754 2641 generatione.
774 2569 886 2626 Osserve
910 2569 1003 2624 inlatti
1022 2587 1093 2625 come
1112 2588 1157 2640 per
1174 2571 1195 2624 il
1265 2569 1268 2573 ’

60 2647 154 2715 primo
173 2658 276 2711 gruppo
294 2641 321 2694 di
339 2641 446 2709 oratori,
458 2642 503 2695 che
516 2658 593 2696 erano
612 2641 706 2696 celebri
724 2641 829 2712 quando
848 2642 907 2697 Ort.
926 2642 1092 2706 cominolnve,
1113 2642 1154 2695 usi
1170 2641 1195 2696 le

58 2713 227 2785 espressioni
244 2713 330 2767 docere
341 2712 441 2768 solebat
453 2711 563 2782 rispetto
581 2729 597 2766 a
616 2711 709 2767 Crasso
721 2713 769 2767 ohe
781 2729 825 2766 ere.
837 2713 857 2767 il
869 2729 975 2777 sommo,
987 2715 1073 2782 mugio
1090 2713 1195 2782 epotas

60 2788 183 2854 rispetto
203 2783 237 2836 acl
256 2783 371 2837 Antonio
389 2783 436 2837 olre
455 2785 519 2837 morl
538 2783 555 2836 4
574 2784 637 2838 euni
655 2783 721 2853 dopo
743 2783 844 2847 Crasso,
862 2784 987 2853 princepe
1003 2784 1061 2846 soit
1078 2784 1196 2838 vicinos

61 2858 178 2926 Pilippo
198 2855 245 2908 che
261 2870 342 2910 senex
360 2857 445 2908 tratti
464 2854 490 2908 la
509 2871 587 2908 cause
605 2855 631 2909 di
651 2855 765 2923 Pompeo
783 2872 818 2908 un
838 2871 906 2909 anno
924 2854 990 2924 dopo
1009 2854 1035 2908 la
1053 2858 1137 2908 morto
1154 2854 1195 2908 dei

61 2931 117 2983 due
139 2927 273 2996 maggiori
291 2926 397 2990 oratori,
424 2926 455 2979 tn
481 2941 573 2980 eorum
594 2942 736 2980 numerum
752 2931 911 2994 pervenerat
927 2926 987 2996 (soll
1011 2927 1038 2979 el
1057 2925 1196 2980 medesimo

60 2999 170 3068 livello)
191 2998 220 3050 in
232 2995 366 3052 confronto
385 2996 412 3050 di
431 2996 546 3065 Sulpicio
557 3011 571 3050 e
584 2997 714 3060 coetanei;
736 2997 777 3066 poi
790 3014 837 3051 con
850 2997 926 3065 longe
940 2997 1080 3064 praestitit
1097 2995 1196 3050 indichi

62 3073 90 3125 la
111 3085 164 3124 sua
184 3084 247 3122 vem
265 3070 309 3122 eti.
327 3067 397 3120 nelle
425 3067 502 3136 quale
520 3067 597 3122 l'erte
625 3084 672 3122 suo
700 3068 842 3137 reggiunse
859 3068 887 3120 il.
901 3067 1021 3120 rnassimo
1045 3065 1195 3136 splendore;
1225 3103 1228 3108 -

58 3160 111 3196 oon
133 3141 167 3194 ire
185 3138 275 3194 studio
293 3139 358 3192 ecoe.
377 3138 466 3194 laudis
485 3141 602 3192 sucerescit
620 3138 725 3192 eceenni
744 3138 771 3192 ul
789 3141 919 3192 momento
932 3139 960 3190 in
974 3138 1017 3190 cui
1034 3137 1156 3208 legloria
1168 3138 1196 3190 oi

59 3211 196 3268 Ortonsio
215 3208 375 3263 comirmiare
393 3225 410 3264 s
427 3209 565 3272 declinere,
584 3213 685 3263 mentre
704 3225 821 3263 crescere
833 3209 921 3279 quella
939 3208 967 3262 di
986 3209 1051 3272 cim
1065 3208 1098 3262 ed
1116 3208 1196 3263 inline

58 3303 114 3338 con
135 3298 175 3335 un
194 3280 317 3349 semplice
335 3280 406 3334 omo
423 3280 522 3335 indiohi
541 3280 580 3350 gli
599 3280 689 3334 ultimi
701 3281 764 3334 anni
777 3279 881 3350 quondo
899 3279 953 3334 Cic.
974 3282 1067 3333 tenere
1079 3280 1099 3333 il
1112 3279 1196 3349 primo

63 3358 147 3424 posto
167 3352 212 3406 nel
230 3350 293 3406 foro.
321 3382 355 3392 -
383 3351 470 3406 tmere
487 3351 534 3406 ool.
548 3368 645 3405 :non
664 3351 691 3404 di
710 3351 772 3404 redo
797 3351 905 3420 perleve
922 3351 949 3404 in
970 3349 1099 3418 pubblico.
1120 3381 1152 3390 -
1172 3355 1199 3402 et

63 3431 123 3479 rrum
145 3425 229 3476 mrum
248 3424 298 3491 rip.
312 3438 335 3474 v.
355 3423 429 3491 App.
447 3425 506 3476 orit.
518 3446 554 3468 =
566 3422 597 3476 ed
617 3422 771 3492 acquistare
792 3423 875 3476 unche
893 3421 1013 3491 maggior
1030 3420 1128 3475 credito
1146 3436 1195 3474 ecc.

63 3499 119 3550 Per
140 3496 232 3564 cipere
250 3510 275 3546 v.
296 3492 355 3546 186.
375 3524 409 3532 -
427 3509 487 3547 eom
501 3495 565 3547 Ant.
579 3517 615 3539 =
627 3493 655 3546 in
667 3493 763 3547 unione
775 3494 808 3547 od
823 3495 887 3545 Ant.
900 3523 934 3532 -
948 3492 1022 3546 Plu'l.
1036 3493 1089 3545 tom
1101 3508 1162 3547 sem

36 3583 38 3624 l
57 3569 184 3622 dicente.
204 3563 349 3618 Risolrerai
368 3563 440 3618 l'abl.
454 3581 504 3618 ess.
517 3565 544 3617 in
559 3581 611 3618 unu
624 3581 695 3634 prop.
715 3566 795 3632 temp.
814 3593 849 3603 -
863 3579 917 3632 pro
938 3564 987 3618 Cn.
1001 3563 1098 3632 Pomp.
1113 3563 1196 3616 boum.

37 3643 40 3704 l
64 3657 89 3692 v.
113 3636 170 3692 173
189 3651 203 3689 e
222 3634 285 3689 Die.
306 3635 389 3704 biopr.
409 3634 522 3704 Filippo.
542 3635 646 3704 Filippo
665 3651 746 3688 evera
771 3635 854 3688 ellora
873 3651 934 3704 poco
954 3635 999 3702 piu
1023 3633 1050 3686 di
1070 3635 1104 3688 52
1123 3634 1197 3698 anni,

62 3710 136 3763 onde
156 3722 240 3762 senex
264 3707 278 3758 e
305 3705 378 3760 detto
405 3706 605 3760 relativsmente
624 3705 658 3758 ed
676 3704 799 3760 Orteusio
819 3705 867 3759 che
885 3721 917 3759 ne
935 3721 1017 3759 avere
1035 3705 1077 3758 28.
1098 3735 1133 3746 -
1151 3706 1199 3759 illo

47 3781 103 3826 '=
116 3779 230 3833 famose.
251 3807 285 3815 -
304 3792 370 3831 eum.
384 3776 428 3830 He
440 3777 526 3831 valore
539 3778 683 3831 concessivo
695 3799 732 3821 =
743 3777 887 3846 melgredo.
901 3807 936 3816 -
950 3777 1078 3845 princepe
1096 3777 1152 3840 fuit
1163 3799 1200 3822 =

64 3859 151 3905 tenne
165 3849 186 3902 il
199 3863 299 3917 campo.
311 3878 345 3888 -
354 3846 476 3912 focile=
487 3847 747 3902 indiscutibilmente.
758 3878 793 3888 -
803 3864 870 3916 quoe
915 3849 1003 3915 posui.
1015 3847 1046 3900 Li
1060 3847 1118 3901 redi
1131 3847 1198 3900 tutti

57 3922 182 3976 insieme
196 3919 320 3973 ricordeti
330 3918 375 3972 dal
384 3936 410 3972 n.
423 3919 481 3973 182.
501 3949 535 3958 —
555 3921 597 3973 M.
607 3919 743 3973 Pisonem.
755 3935 779 3972 v.
791 3920 835 3988 piri
845 3918 936 3972 evanti
949 3918 1009 3972 236.
1023 3948 1058 3958 -
1068 3919 1110 3972 M.
1121 3917 1199 3972 Oros·

55 4009 138 4049 mum.
150 3990 214 4044 233.
225 4019 261 4029 -
273 3991 321 4046 Gn.
331 3989 409 4044 Lemt.
421 3989 481 4044 234.
494 4020 529 4031 -·-
541 3990 576 4044 P.
586 3991 663 4045 Lem.
676 3989 736 4043 235.
756 4020 792 4029 -
809 3989 941 4058 munke.
960 3986 1094 4042 Intendilo
1112 3988 1156 4057 qni
1171 3989 1199 4039 in

54 4080 146 4119 ssenso
167 4061 215 4130 piri
233 4060 308 4130 largo
326 4060 368 4116 del
380 4063 467 4114 nostro
484 4065 648 4115 «coetaneo»
664 4077 678 4112 e
697 4061 741 4129 piu
755 4061 875 4114 ristretto
887 4059 914 4112 di
930 4064 1169 4127 «contemporaneo
1183 4077 1194 4103 »

53 4160 104 4189 με
116 4132 205 4204 quelli
218 4130 267 4186 ohe
278 4133 404 4201 potereno
423 4131 489 4186 dirsi
508 4131 651 4186 ell‘ineircn
669 4129 739 4185 della
758 4148 805 4185 sna
823 4134 874 4185 etl.
888 4160 923 4170 -
931 4135 1033 4198 praest.
1047 4152 1081 4174 =
1093 4127 1119 4181 di
1132 4143 1199 4196 gran
