3042 4692
379 285 509 340 esurus,
534 285 645 345 xxvrn,
667 226 751 340 nux,
778 266 935 330 loa-110
1175 268 1209 330 81

106 396 152 462 sed
171 398 204 462 ut
224 396 289 462 rita
311 396 355 462 sic
376 396 512 462 oratione
535 396 631 462 etiam
653 397 862 463 turbulentus.
886 398 929 463 M.
958 398 1079 464 Drusus
1106 396 1139 463 (t.
1162 397 1285 477 F.,109

105 493 153 577 qui
178 495 208 559 in
229 494 392 560 tribunatu
428 493 461 560 O.
489 493 663 560 Gracchum
690 495 863 582 collegam,
894 495 1009 562 iterum
1038 495 1214 576 tribunum,

105 592 264 678 fragravit
286 595 318 659 et
339 593 474 658 oratione
497 593 601 679 gravis
623 595 654 658 et
677 593 871 673 auctoritate,
894 593 984 677 eique
1006 594 1142 678 proxime
1163 594 1214 658 ad-

104 690 217 757 iunctus
238 690 273 757 0.
299 692 420 758 Drusus
442 691 536 758 frater
558 692 629 758 fuit.
653 692 740 758 Tuus
762 691 859 758 etiam
880 690 1018 778 gentilis,
1041 693 1146 772 Brute,
1169 691 1213 757 M.

104 788 216 856 Pennus
237 789 335 856 facete
358 789 491 876 agitavit
511 789 545 855 in
568 790 729 856 tribunatu
753 789 786 856 O.
803 788 988 870 Gracchum,
1011 790 1141 875 paulum
1164 809 1214 856 ae·

103 889 159 954 tate
179 887 368 954 antecedens.
391 887 468 954 Fuit
489 888 571 954 enim
594 888 637 953 M.
661 888 779 973 Lepide
800 891 832 954 et
853 889 888 954 h.
905 886 1013 954 Oreste
1035 887 1214 955 consulibus

103 987 235 1069 quaestor
251 985 418 1067 Gracchus,
434 986 579 1053 tribunus
593 987 728 1067 Pennus,
743 987 832 1052 illius
846 986 944 1053 Marci
962 986 1055 1067 filins,
1071 986 1214 1070 quicum

103 1081 134 1163 Q.
153 1083 240 1150 Aelio
262 1084 368 1150 consul
390 1084 472 1150 fuit:
502 1084 555 1151 sed
576 1085 604 1150 ie
626 1084 730 1150 emnia
758 1104 880 1152 summa
903 1104 1027 1169 sperans
1050 1084 1213 1150 aedilicius

102 1183 144 1248 est
163 1184 310 1250 mortuus.
334 1181 415 1248 Nam
431 1182 468 1248 de
484 1183 520 1248 Τ.
536 1183 703 1262 Flaminio,
725 1202 818 1267 quern
834 1184 899 1267 ipsc
914 1183 989 1264 vidi,
1012 1183 1093 1249 nihil
1108 1183 1213 1265 accepi
1374 1237 1377 1251 .

101 1281 155 1345 nisi
179 1281 284 1346 Latini
311 1280 477 1368 diligenter
498 1281 648 1348 locutum
682 1281 802 1347 XXIX.
830 1282 890 1347 His
916 1281 1054 1348 adiuncti
1085 1279 1286 1347 annilina

102 1376 195 1459 Curio,
216 1379 260 1445 M.
278 1378 421 1459 Scaurus,
445 1379 480 1445 P.
496 1379 647 1460 Rutilius,
670 1378 703 1445 (1.
721 1377 888 1444 Gracchus.
905 1380 952 1445 De
968 1377 1083 1445 Scauro
1105 1380 1137 1446 et
1148 1379 1214 1443 Ru·

101 1478 163 1547 tilio
184 1481 318 1548 breuiter
339 1481 414 1548 licet
429 1481 539 1563 dicere,
556 1501 688 1566 quorum
708 1483 817 1548 neuter
831 1482 947 1547 summi
961 1481 1090 1547 oratoris
1104 1481 1216 1570 hahuit

101 1577 216 1645 laudern
231 1581 265 1646 et
278 1581 409 1664 uterque
424 1579 458 1644 in
473 1580 584 1646 multis
598 1579 699 1646 causis
717 1581 857 1647 versatus
872 1581 956 1657 erat3
978 1579 1012 1644 iu
1028 1579 1215 1664 quibusdam

102 1799 233 1852 conmuuto
253 1815 269 1851 o
287 1797 380 1854 leidae
399 1813 519 1868 espresse.
539 1816 562 1854 v.
582 1797 642 1856 Dia.
657 1797 740 1868 ticpr.
760 1828 796 1838 -
843 1796 1215 1860 mompsuestenum

100 1866 175 1936 sep.
188 1900 222 1909 -
234 1869 328 1938 frepc't.
342 1887 367 1925 v.
380 1869 414 1924 95
427 1886 441 1924 e
452 1869 526 1939 App.
539 1871 598 1924 orit.
612 1899 646 1910 -·
660 1869 689 1925 0.
704 1875 821 1927 Danaae.
835 1869 953 1924 Fratello
962 1867 1004 1922 dcl
1016 1868 1107 1939 primo.
1117 1885 1141 1922 r.
1152 1869 1216 1923 Dia.

102 1937 177 2008 biopr.
188 1970 224 1981 -
243 1947 342 1996 tuus...
350 1941 467 2011 pratitas.
486 1941 515 1995 Si
532 1941 670 1996 chiamava
690 1941 733 1996 M.
752 1940 858 1996 Juna‘ua
874 1941 997 1996 Panaca.
1020 1956 1044 1994 r.
1057 1940 1118 1998 Βίι.
1131 1939 1217 2010 hiopr.

101 2038 131 2048 -
147 2011 229 2076 faceta
247 2013 315 2082 apii.
328 2037 364 2058 =
385 2029 461 2082 sappe
479 2029 526 2068 oen
545 2012 661 2067 vivacita
677 2012 793 2066 assalire.
813 2030 836 2067 a.
854 2010 927 2081 App.
940 2013 998 2066 crit
1017 2028 1032 2065 e
1049 2012 1110 2068 Dia.
1133 2011 1216 2079 hiopr.

101 2080 132 2134 M.
150 2081 238 2138 Penne
258 2099 273 2138 e
292 2080 321 2137 Ο.
342 2084 446 2140 Gracco.
465 2113 500 2124 -
518 2084 562 2138 M.
575 2084 656 2151 tilius.
670 2101 694 2138 v.
708 2085 769 2141 Dia.
789 2084 872 2152 hiepr.
892 2114 927 2123 —
950 2084 981 2148 a'a,
1000 2082 1054 2137 ciee
1080 2083 1099 2136 il
1127 2082 1217 2136 Panno

103 2150 127 2205 di
144 2154 183 2208 cui
201 2155 286 2224 parla.
309 2183 341 2196 -
359 2156 449 2210 omniu
466 2171 571 2210 summo
589 2171 701 2225 sperans
712 2180 749 2201 =
759 2154 895 2225 malgrado
908 2155 933 2208 le
950 2171 996 2209 sue
1013 2153 1081 2208 hehe
1093 2170 1217 2223 speranza

100 2222 124 2276 di
142 2227 239 2281 taceare
259 2226 285 2281 le
320 2226 348 2280 io
366 2225 421 2281 alte
439 2226 547 2282 eariche.
568 2257 603 2267 -
621 2226 760 2281 adeliciae
773 2251 810 2272 =
822 2225 888 2295 dopo
907 2242 989 2279 essere
1001 2226 1072 2279 stato
1090 2223 1165 2280 edile.
1179 2224 1216 2278 Le

100 2311 152 2350 rere
170 2297 275 2353 senche
293 2243 340 2352 che
353 2314 498 2352 onorerano
510 2297 538 2353 la
550 2297 662 2353 carriera
674 2297 783 2368 politica
794 2296 823 2351 di
835 2314 871 2351 un
882 2296 1012 2351 cittadino
1023 2313 1101 2350 erano
1113 2296 1141 2349 le
1152 2310 1216 2365 que-

99 2371 178 2433 stura,
197 2369 225 2424 la
239 2373 367 2438 protero,
386 2369 407 2422 il
425 2370 561 2424 consolato
586 2369 738 2440 (tarpcmim'
755 2369 894 2439 honorce);
911 2370 944 2421 ne
962 2368 985 2421 si
1002 2371 1098 2436 potera
1115 2383 1217 2436 presen-

98 2438 155 2494 tarsi
174 2440 317 2496 candidato
336 2440 391 2496 alls
408 2443 516 2509 pretore
534 2457 612 2495 senua
630 2455 712 2494 assere
730 2441 803 2494 stato
820 2439 906 2509 prima
917 2441 1045 2509 questore,
1063 2440 1097 2492 uh
1114 2438 1140 2492 al
1159 2454 1216 2492 ceu·

97 2510 174 2564 solato
192 2529 221 2568 se
238 2513 327 2582 prima
345 2529 396 2566 uon
415 2513 438 2566 si
456 2529 537 2567 avesa
564 2513 644 2567 avuto
672 2511 698 2565 la
726 2513 841 2580 pretnra.
868 2508 957 2564 Penne
976 2510 1064 2564 insece
1082 2525 1126 2564 era
1144 2510 1216 2563 etsta

97 2581 304 2651 semplioemente
322 2583 429 2638 tribuno
441 2583 473 2640 ed
486 2582 554 2638 edile
566 2583 629 2654 (non
642 2582 756 2653 curule),
770 2582 796 2636 le
808 2582 859 2636 (luo
874 2581 1062 2652 magistrature
1075 2580 1103 2634 di
1115 2580 1216 2650 origine

97 2651 190 2718 plebea.
210 2686 246 2696 —
266 2655 351 2711 Nam.
370 2641 394 2710 h
412 2655 432 2709 il
450 2671 514 2710 uam
533 2654 580 2709 che
599 2654 622 2708 si
641 2671 687 2708 usa
706 2654 916 2723 uell'eccapata'o.
930 2670 954 2707 r.
967 2653 1010 2708 68.
1023 2651 1084 2706 Non
1097 2652 1171 2721 pario
1188 2651 1216 2705 di

96 2723 122 2777 T.
139 2724 283 2792 Flaminio,
302 2726 394 2796 perche
448 2755 483 2767 -
492 2745 495 2754 ’
504 2727 537 2780 Τ.
549 2725 672 2780 Flamin.
686 2743 710 2778 v.
724 2726 786 2782 Dia.
800 2725 884 2794 capr.
897 2754 932 2766 -
981 2723 1082 2778 XXIX.
1096 2725 1216 2794 Seguono

96 2794 153 2849 altri
170 2798 250 2865 nomi,
271 2814 324 2851 non
343 2797 411 2852 tutti
430 2796 540 2868 disposti
558 2797 816 2867 cronologieamente,
828 2796 857 2851 di
867 2795 963 2850 oratori
973 2793 1131 2851 considerati
1143 2810 1216 2850 come

95 2869 310 2939 contemporanei,
330 2868 440 2923 scbhene
458 2886 494 2923 un
512 2867 554 2938 po'
567 2869 612 2938 piu
631 2868 727 2932 vecchi,
746 2868 775 2922 di
793 2867 823 2923 O.
846 2867 951 2932 Gracco,
978 2868 1025 2922 che
1048 2866 1157 2920 insieme
1176 2865 1216 2920 eol

95 2936 192 2994 fratello
211 2941 318 2995 'liberio
337 2957 351 2994 e
369 2957 417 2994 con
436 2939 553 2996 Carbone
571 2942 740 3009 rappreeenta
759 2937 923 3008 l'eloquenaa
941 2938 969 2992 di
987 2938 1161 3008 queet'epoea.
1181 2967 1216 2976 —

96 3012 163 3068 110.
185 3012 279 3068 Canio.
298 3011 339 3065 Ne
357 3012 432 3082 parla
450 3012 495 3081 piis
514 3011 622 3065 innanzi
641 3009 701 3064 122.
720 3041 755 3051 -
783 3009 826 3063 Μ.
848 3010 978 3066 Scaurus.
1003 3027 1028 3064 r.
1050 3010 1112 3065 Dis.
1131 3009 1214 3078 ha'opr.

94 3083 169 3136 -P.
183 3083 320 3139 Rutilius.
339 3099 362 3137 r.
385 3084 446 3140 Dia.
469 3083 553 3152 hiopr.
578 3111 613 3122 -
639 3081 668 3137 Ο.
693 3081 843 3136 Gracchus.
869 3098 892 3136 r.
915 3081 960 3149 piu
985 3080 1076 3135 aranti
1103 3079 1161 3134 125.
1181 3110 1215 3119 —

95 3157 253 3225 cruorque.
280 3171 305 3210 r.
326 3154 484 3224 Appendicc
507 3155 566 3209 crit.
586 3184 621 3194 -
639 3153 670 3206 ia
681 3153 877 3222 quibusdam...
897 3152 965 3206 Ecce
977 3151 998 3205 il
1016 3167 1106 3206 senso:
1123 3150 1215 3204 lurono

95 3225 187 3280 nomini
206 3225 323 3280 lodevoli
342 3242 388 3295 per
406 3225 498 3280 alcone
525 3224 593 3279 belle
620 3224 769 3294 qualitt;e
793 3241 870 3278 senaa
895 3240 978 3278 essere
1005 3222 1147 3293 d'ingegno
1166 3221 1216 3276 sin·

94 3295 185 3366 galera,
204 3297 338 3352 meriteno
356 3296 415 3352 lade
431 3313 477 3368 per
505 3296 531 3350 la
559 3295 613 3350 loro
640 3295 778 3365 operosita.
807 3294 867 3349 Non
894 3294 917 3348 si
945 3298 995 3364 puo
1018 3294 1138 3348 tuttavia
1160 3293 1216 3348 dira

94 3365 136 3420 che
153 3385 319 3424 mancassero
338 3368 432 3422 affatto
450 3367 605 3438 d'ingegn03
624 3383 667 3420 ma
686 3367 712 3420 la
731 3370 828 3420 natura
846 3370 912 3436 nego
930 3366 986 3420 lore
1003 3366 1024 3420 il
1043 3365 1145 3420 talento
1161 3382 1215 3419 ora·

93 3437 154 3492 torio
171 3439 208 3512 (le
227 3439 288 3495 doti
306 3437 488 3510 dell'oratore).
508 3439 545 3493 Le
564 3439 649 3508 parole
665 3438 778 3506 prohat.
801 3438 963 3492 amesiae.
982 3435 1181 3507 corriepondouo
1200 3451 1216 3489 a

94 3513 200 3579 utaque
218 3513 250 3565 ies
269 3511 363 3566 multis
388 3510 477 3566 caeeis
502 3526 567 3565 vere.
588 3514 654 3573 erat,
674 3527 688 3564 e
707 3510 730 3563 le
749 3509 817 3562 altre
843 3509 891 3564 sed
913 3513 981 3564 orat.
1007 3509 1062 3578 inp.
1086 3506 1174 3572 defait
1200 3524 1217 3560 a

94 3587 181 3636 emer
198 3582 304 3638 ewnma‘
320 3585 388 3637 orat.
408 3582 503 3637 habuit
514 3580 627 3636 laudem.
649 3580 759 3636 Osscrra
777 3580 842 3634 bene
854 3597 925 3634 cerne
937 3581 964 3633 la
975 3579 1129 3650 ripetiaione
1145 3579 1217 3633 ‹lella

93 3653 179 3719 parole
196 3653 342 3723 inparatum
360 3669 435 3708 serra
453 3669 469 3708 a
486 3656 596 3708 mettere
614 3654 642 3706 in
661 3652 751 3706 rilievo
770 3651 797 3705 la
815 3651 1009 3705 caratteristiea
1027 3648 1216 3706 abacistae

94 3737 162 3778 nosce
180 3726 209 3780 iu
228 3726 287 3779 loro
315 3741 386 3779 corne
414 3724 563 3794 principale,
583 3723 637 3779 eice
660 3723 712 3777 «la
733 3721 885 3776 mediocrite
912 3722 955 3776 del
982 3724 1036 3777 lero
1062 3723 1178 3792 ingegno
1191 3744 1216 3775 ι.

93 3791 261 3851 L'liberhard
281 3795 415 3850 considera
433 3811 503 3850 come
522 3811 575 3850 una
593 3795 679 3865 glossa
706 3794 803 3848 inutile
822 3795 849 3848 la
868 3811 940 3864 prop.
958 3793 1163 3849 etiameimaoa
1180 3809 1216 3847 ee-

93 3872 155 3921 sant.
173 3868 219 3923 Ma
239 3883 313 3922 come
332 3867 355 3921 si
373 3867 464 3951 spiega
481 3866 564 3921 allona
582 3867 648 3920 l'uso
666 3865 709 3920 del
728 3863 839 3920 tenua?
857 3865 881 3919 Ε
899 3881 971 3951 corne
988 3865 1095 3920 direbbe
1106 3866 1149 3934 poi
1162 3864 1216 3948 Cic.

93 3951 357 4066 athahans
362 3937 509 4080 iiiiii
520 3937 685 4064 hotta
703 3951 1162 4078 111111111111111111
1172 3936 1217 4058 a*

94 4079 232 4147 pleuretico
251 4083 289 4154 (v.
311 4081 387 4152 App.
408 4082 498 4151 crit),
516 4083 541 4136 io
568 4079 700 4136 considero
721 4079 812 4136 inrece
839 4080 914 4134 tutta
940 4082 1033 4151 questo
1058 4077 1162 4150 periodo
1180 4074 1218 4129 dr-

143 4203 259 4256 crumas,
275 4204 296 4246 a
309 4203 390 4255 Brute,
403 4204 444 4248 rlr.
458 4203 484 4247 ed
496 4203 573 4247 illustr.
588 4203 616 4246 (la
629 4204 653 4246 P.
668 4201 759 4247 Maeona.
1151 4198 1166 4242 t
