3042 4692
312 264 354 325 24
702 282 737 325 11.
754 281 857 327 ronan
878 282 1035 328 escueorus

262 397 296 453 35
315 411 376 475 quo
397 411 456 459 non
479 392 567 459 modo
590 393 689 473 defici,
713 394 767 459 sed
788 394 884 460 etiam
905 395 1049 461 laborare
1066 395 1156 477 turpe
1178 394 1234 459 est.
1272 392 1329 457 IX.
1353 392 1439 457 Tum

314 491 378 557 tuit
398 492 508 576 Lysias
529 492 596 578 ipse
617 492 743 575 quidem
766 493 797 557 in
821 494 922 559 causis
944 492 1115 559 forensibus
1136 510 1196 557 non
1218 492 1368 571 versatus,
1382 489 1440 555 sed

314 590 437 676 egregie
457 591 585 656 subtilis
607 591 737 674 scriptor
759 592 852 674 atque
875 592 1008 677 elegans,
1026 610 1118 674 quem
1132 590 1196 655 iem
1212 608 1305 673 prope
1321 588 1441 656 audeas

314 691 464 754 oratorem
487 689 658 773 perlectum
674 689 783 755 dicere.
808 688 888 755 Nem
904 691 995 774 plane
1010 690 1136 773 quidem
1150 688 1323 772 perfeetum
1338 689 1371 753 et
1385 686 1439 752 eui

312 787 394 852 nihil
415 787 582 853 admodum
603 786 684 853 desit
705 788 942 854 Demosthenem
965 788 1056 853 facile
1079 786 1201 851 dixeris.
1232 785 1323 851 Nihil
1346 788 1438 851 acute

311 886 444 952 inueniri
465 885 568 970 potuit
588 885 622 950 in
643 885 684 951 iis
700 887 812 965 causis,
828 904 905 969 ques
927 886 1060 969 scripsit,
1083 884 1173 964 nihil,
1196 884 1234 949 ut
1254 883 1301 949 its
1323 883 1437 962 dicem,

311 983 455 1060 subdole,
478 984 559 1049 nihil
581 985 719 1064 versute,
749 984 831 1067 quod
853 984 908 1050 ille
934 1002 994 1049 non
1020 983 1149 1067 uiderit3
1172 982 1252 1047 nihil
1276 982 1438 1047 subtiliter

312 1082 385 1163 dici,
407 1082 488 1147 nihil
508 1102 621 1165 presse,
643 1082 725 1147 nihil
746 1083 918 1163 enucleate,
934 1102 995 1165 quo
1010 1082 1078 1149 fieri
1093 1081 1189 1165 possit
1204 1080 1328 1163 aliquid
1342 1080 1438 1145 lima-

309 1180 392 1266 tius;
415 1180 495 1245 nihil
518 1184 624 1247 contre
644 1180 777 1266 grande,
800 1180 882 1247 nihil
903 1180 1091 1261 ineitatum,
1114 1179 1196 1246 nihil
1218 1180 1365 1245 ornatum
1387 1177 1439 1243 vel

310 1279 473 1344 uerborum
493 1280 649 1365 gravitate
669 1280 720 1345 sel
741 1279 975 1355 sententiarum,
999 1298 1059 1362 quo
1082 1277 1254 1361 quidquam
1276 1277 1359 1342 esset
1373 1276 1440 1341 ela-

311 1517 339 1568 et
353 1519 419 1568 sciat.
439 1514 579 1578 conclusio,
598 1513 667 1570 oerb
686 1513 950 1581 secessisset.
969 1512 1185 1581 circumscriptio.
1213 1542 1247 1552 -
1268 1512 1300 1565 in
1319 1527 1389 1581 gum
1401 1508 1438 1563 Di

310 1586 359 1639 che
375 1602 468 1655 genere
485 1589 499 1639 e
516 1585 538 1639 il
555 1602 628 1656 pron.
646 1585 747 1640 relat?
765 1616 799 1629 -
817 1586 895 1652 depici
939 1586 1063 1641 laborare
1082 1591 1160 1653 turpe
1178 1589 1225 1638 est.
1238 1583 1309 1641 seco
1326 1582 1437 1637 comesi

310 1661 361 1727 pub
379 1657 485 1711 rendere
503 1657 522 1710 il
541 1657 672 1727 pensiero:
691 1656 738 1711 che
757 1658 788 1726 (il
807 1658 914 1727 respiro)
933 1657 1019 1711 nansi
1032 1659 1082 1726 pub
1101 1658 1133 1709 nb
1152 1657 1271 1711 troneare
1289 1653 1390 1725 (defici)
1402 1656 1436 1709 ue

310 1734 403 1798 troppo
421 1746 437 1782 a
455 1729 536 1797 lungo
554 1728 665 1781 storiare
683 1728 836 1799 (laborare),
854 1744 931 1782 senae
948 1727 1059 1782 bissimo
1072 1728 1161 1796 (turpe
1179 1729 1236 1796 cst).
1258 1725 1372 1780 Arverti
1389 1724 1438 1778 che

309 1801 354 1853 nel
372 1801 457 1853 latino
476 1801 563 1867 turpis
590 1816 642 1853 non
668 1802 682 1853 e
707 1800 938 1853 necessariamente
956 1815 1095 1865 compress,
1115 1814 1185 1851 come
1213 1814 1259 1867 per
1284 1796 1337 1861 noi,
1357 1796 1438 1849 l'idea

310 1872 424 1935 morale3
444 1883 487 1924 ma
504 1869 583 1924 dicesi
602 1870 629 1923 di
647 1886 706 1923 cosa
723 1870 805 1925 auehe
830 1870 1040 1925 meterielmente
1065 1872 1164 1924 brutia.
1187 1867 1219 1922 V.
1233 1867 1320 1932 Orsa,
1334 1867 1403 1933 soi..
1416 1866 1438 1929 1,

310 1943 338 2009 2,
365 1942 428 1995 los:
451 1957 531 1995 eure
555 1941 625 1996 malo
649 1946 675 1994 et
694 1943 763 2010 pede
788 1943 879 2011 terpi3
903 1942 970 2009 Ter,
994 1942 1122 1996 Pteme
1147 1941 1257 1995 oestuo
1282 1940 1382 2008 turpis.
1403 1968 1439 1977 —

310 2012 360 2065 IX.
379 2015 434 2069 35.
457 2014 535 2065 Tem.
555 2012 713 2065 Tradnci=
726 2035 739 2061 ‹
750 2013 778 2066 in
797 2012 954 2083 quell'epoca
967 2033 991 2077 ι,
1011 2029 1054 2067 me
1072 2011 1175 2067 avverti
1193 2011 1241 2065 che
1259 2011 1341 2065 Isoer.
1359 2010 1390 2063 fu
1402 2026 1440 2063 un
1512 2022 1513 2025 ’

311 2084 353 2152 po'
367 2084 412 2152 pisi
430 2083 533 2137 secchio
551 2083 579 2135 di
600 2083 681 2137 Lisia.
694 2099 719 2137 1.
732 2083 795 2137 Die.
810 2084 892 2154 biopr.
912 2083 1045 2139 eIntrod.
1059 2112 1094 2123 -
1107 2083 1217 2153 Lysiae.
1231 2099 1256 2135 v.
1270 2082 1336 2137 Die.
1350 2080 1438 2150 briter.

311 2185 346 2195 -
364 2156 421 2222 s'prse
433 2178 467 2199 =
479 2154 617 2224 ench'egli.
636 2184 671 2195 -
688 2155 797 2223 quidem
808 2180 845 2203 =
857 2172 902 2224 per
920 2156 1013 2210 veriti.
1034 2184 1069 2195 -
1087 2156 1118 2209 in
1135 2170 1210 2211 caue.
1237 2169 1293 2207 neri
1320 2169 1390 2207 ocra.
1403 2175 1440 2197 =

310 2242 362 2279 non
381 2227 466 2279 trattb
484 2242 568 2279 cause.
588 2242 611 2278 1.
625 2226 689 2279 Dic.
703 2226 785 2295 tiogr.
799 2256 833 2267 -
853 2228 956 2295 egregie
968 2226 1037 2281 subt.
1051 2250 1088 2273 =
1100 2225 1127 2279 di
1146 2242 1183 2279 nn
1201 2224 1288 2293 rigore
1306 2223 1438 2293 inappun·

311 2297 402 2351 babile.
420 2327 455 2338 -
473 2298 535 2368 eleg.
546 2321 583 2342 =
595 2297 701 2366 preciso.
719 2325 755 2336 -—
772 2298 896 2365 scriptor.
909 2298 938 2351 Si
951 2297 1007 2351 noti
1025 2314 1096 2351 come
1115 2297 1161 2366 qni
1179 2296 1219 2351 sia
1234 2295 1359 2349 accensio
1372 2296 1440 2349 l'uso

219 2383 222 2389 ·
310 2368 339 2422 di
359 2386 394 2423 an
412 2371 474 2423 sost.
493 2370 522 2421 in
540 2373 599 2430 tor,
618 2368 781 2422 trattandosi
799 2368 827 2422 di
845 2385 898 2422 nne
917 2368 1081 2438 professione.
1094 2368 1197 2428 v.,Dis.
1212 2366 1296 2437 biopr.
1308 2382 1332 2420 e
1350 2366 1440 2432 Cima,

310 2458 351 2508 op.
371 2441 425 2503 cit,
438 2440 481 2494 34.
494 2470 529 2481 -
541 2440 690 2493 αιιᾱεαεπ
703 2439 726 2492 ti
744 2440 878 2493 sentiresti
898 2443 990 2493 tretto.
1010 2440 1061 2493 Pet
1079 2439 1100 2492 il
1118 2456 1193 2508 cong.
1210 2437 1364 2507 potenzisle
1377 2436 1440 2491 redi

310 2511 445 2578 Medwig.
458 2510 511 2564 350
522 2527 549 2564 a.
568 2540 603 2549 —
618 2510 700 2579 plone
717 2510 832 2579 quidem.
851 2510 875 2564 ll
890 2511 974 2579 plene
992 2511 1014 2564 si
1033 2526 1132 2579 oppone
1150 2527 1166 2564 a
1180 2525 1275 2578 prope.
1296 2526 1321 2563 v.
1335 2508 1381 2563 21.
1404 2538 1441 2547 -

310 2584 389 2635 cui...
400 2581 474 2635 desit.
494 2580 519 2634 11
536 2581 612 2634 relat.
637 2580 673 2633 ha
696 2580 724 2634 in
743 2584 771 2634 se
789 2598 824 2635 un
843 2585 972 2650 repperio
985 2597 1081 2636 consee.
1102 2612 1136 2621 -
1154 2597 1224 2647 ewen,
1243 2580 1322 2635 ceci...
1335 2580 1441 2633 =tele

308 2652 358 2705 che
377 2669 393 2705 a
412 2652 459 2705 lui.
478 2668 503 2706 v.
516 2650 632 2715 Schultz,
651 2652 712 2719 257,
734 2652 766 2705 1⁰.
786 2682 821 2691 -
838 2652 911 2707 scibit
932 2652 1002 2707 edm.
1015 2676 1052 2701 -..-.
1072 2652 1278 2707 assolutamente
1297 2650 1384 2705 nulla.
1404 2680 1441 2691 -

310 2721 487 2777 Deiectio.
501 2722 565 2777 Dis.
579 2722 661 2791 biogr.
682 2752 718 2763 -
734 2722 816 2787 facile
827 2748 863 2771 ε
878 2723 974 2778 subito.
988 2754 1022 2763 -
1040 2722 1384 2789 discessissemus.
1405 2752 1441 2762 -

310 2794 383 2847 nibil
398 2798 477 2847 acute
488 2818 524 2839 =
535 2792 699 2847 nessnu’idea
716 2810 810 2848 nuova.
830 2794 904 2847 Bada
915 2795 971 2861 che,
983 2810 1053 2849 corne
1065 2794 1153 2849 indies
1171 2794 1192 2848 il
1211 2794 1289 2849 verbo
1305 2794 1441 2859 invenire,

310 2864 322 2917 i
339 2868 380 2918 tre
398 2880 456 2917 arv.
475 2871 560 2930 acub,
579 2869 688 2928 versute,
706 2865 814 2919 subdole
832 2866 991 2935 riguerdano
1005 2866 1185 2919 l'invenuione.
1204 2895 1240 2906 -
1257 2864 1442 2921 1111111...ωό-

310 2936 369 2990 dolc
380 2960 417 2981 =
428 2952 523 2989 nessun
551 2941 704 3005 argomento
725 2936 808 2991 abile.
835 2966 867 2977 -
886 2942 989 2991 versute
1000 2960 1038 2983 =
1048 2936 1190 2992 malitioso.
1210 2967 1246 2977 -
1260 2936 1354 3005 potuit
1365 2960 1405 2981 =
1417 2937 1442 2989 si

311 3006 417 3062 sarebbe
435 3010 537 3076 potuto.
555 3006 842 3071 Μ11111.,3481,Α11.
861 3036 896 3047 -
915 3008 1130 3062 cideritmesset.
1149 3006 1223 3061 Beda
1241 3006 1307 3061 bene
1320 3007 1442 3075 equasti

310 3078 361 3133 dne
379 3079 462 3148 tempi
473 3079 520 3133 che
532 3095 584 3131 non
597 3078 753 3145 rispondono
771 3078 976 3145 rigorosamente
988 3078 1042 3132 alls
1053 3077 1130 3148 legge
1153 3079 1223 3133 della
1242 3094 1339 3133 conseo.
1353 3082 1441 3147 temp.

309 3150 336 3203 Il
353 3150 417 3219 perf.
434 3151 523 3217 potuit
550 3148 741 3203 richiederebbe
758 3149 875 3215 videsset,
895 3154 967 3215 essct,
986 3165 1029 3203 ma
1051 3148 1105 3204 Cic.
1125 3150 1196 3204 nella
1214 3150 1302 3220 prime
1329 3148 1440 3218 dipend.

309 3236 358 3273 usa
375 3221 395 3273 il
414 3220 477 3289 perf.
496 3220 589 3290 perche
607 3220 646 3273 col
665 3220 781 3290 pensiero
794 3220 817 3272 si
829 3220 935 3273 ostende
947 3224 1030 3274 anche
1038 3220 1069 3273 'sl
1083 3224 1211 3290 presente,
1223 3236 1295 3275 come
1307 3236 1334 3275 se
1345 3236 1441 3275 svessa

310 3290 399 3345 detto:
418 3308 470 3344 non
488 3293 510 3344 si
530 3290 661 3359 potrebbe.
675 3321 709 3330 —
727 3290 817 3344 meus.
829 3291 1401 3361 ...pressemenscteetegrendeineit

309 3378 368 3416 orn.
424 3361 517 3426 Questi
535 3360 651 3415 arverbii
669 3361 700 3415 ed
719 3362 859 3430 aggettivi‚
877 3362 887 3414 i
906 3362 977 3433 quali
996 3361 1196 3431 corrispondono
1215 3380 1231 3417 a
1250 3367 1290 3417 tre
1309 3379 1325 3416 a
1344 3365 1388 3416 tre
1413 3362 1443 3417 ai

293 3434 396 3503 primi,
415 3432 574 3502 riguardsno
592 3432 680 3485 insece
698 3432 724 3485 le
742 3432 879 3500 dispositio
896 3434 928 3485 ed
946 3432 1057 3487 etacetio
1083 3433 1169 3505 (cici).
1188 3433 1212 3487 Ε
1232 3434 1294 3503 pnoi
1312 3432 1441 3489 trednrre

309 3506 378 3557 cosi:
396 3504 436 3557 La
453 3520 501 3556 sna
518 3501 666 3569 semplicitb
683 3502 802 3571 (subtil),
822 3504 848 3556 le
866 3520 914 3557 sua
932 3504 1075 3558 concisione
1086 3504 1209 3577 (praese),
1227 3505 1256 3559 la
1273 3521 1322 3560 sna
1339 3506 1442 3574 perspi-

310 3575 383 3627 cuiti
400 3574 509 3643 (essct.)
526 3589 588 3625 sono
606 3572 656 3625 tali
675 3572 722 3627 che
741 3573 816 3627 nulla.
833 3574 861 3627 vi
879 3577 930 3643 pub
949 3591 1031 3629 essere
1043 3574 1070 3627 di
1083 3576 1130 3645 piri
1148 3575 1201 3630 tino
1219 3575 1310 3647 (lim).
1323 3574 1441 3630 Adverti

310 3645 392 3697 unche
410 3644 457 3713 qni
475 3644 522 3698 ohe
540 3644 560 3695 il
577 3644 694 3710 possiti
712 3660 758 3712 pet
774 3645 954 3713 imprecisione
977 3644 1005 3699 di
1030 3648 1147 3715 pensiero
1165 3652 1243 3701 usete
1262 3648 1310 3717 qui
1327 3647 1362 3701 da
1382 3645 1441 3702 Cic.

308 3731 381 3769 come
398 3731 425 3767 se
443 3715 472 3768 in
490 3714 568 3783 luogo
587 3714 613 3765 di
632 3714 688 3767 dici
703 3715 817 3783 (potuit)
835 3732 922 3769 svessa
940 3717 1033 3770 scritto
1051 3716 1122 3771 nibil
1141 3718 1216 3773 dicit.
1236 3748 1272 3758 —
1291 3717 1440 3773 enucleate.

308 3786 351 3839 Da
368 3783 507 3839 enucleare
523 3784 697 3855 (scheelius)
716 3786 826 3855 esprime
838 3785 865 3839 le
878 3786 1012 3842 chiarezaa
1024 3804 1123 3841 somma
1135 3790 1262 3843 ottennte
1284 3788 1441 3844 ooll'ordine

308 3856 393 3925 logico
411 3872 425 3910 e
443 3856 508 3909 colle
536 3855 665 3909 divisioni.
685 3885 720 3895 -
737 3856 995 3912 contre=d’eltre
1016 3862 1098 3929 perte.
1119 3890 1154 3901 -
1170 3860 1314 3929 prande...
1325 3862 1401 3915 insit.

308 3932 396 3983 mor.
441 3926 545 3980 clebus.
559 3926 582 3981 ll
595 3928 641 3995 qni
659 3928 721 3995 pnoi
739 3926 846 3981 rendere
857 3927 878 3980 il
891 3929 1007 3997 pensiero
1020 3932 1083 3984 cosi:
1104 3929 1244 3985 Ed'eltra·
1253 3934 1330 4001 perte
1343 3931 1438 3987 niente

307 4016 352 4053 era
370 3999 415 4069 pid
433 4000 560 4052 maestoso
577 3998 661 4068 (etet.)
678 3997 747 4052 della
766 4015 813 4053 sne
830 3998 994 4067 grandiositt
1011 4003 1061 4070 (gr.
1075 4018 1099 4055 v.
1114 4002 1158 4068 29,
1169 4004 1310 4074 praedes),
1329 4003 1374 4058 del
1387 4020 1438 4057 sao

306 4070 392 4127 calore
409 4069 492 4142 (im),
511 4068 715 4141 dell'sloquenao
732 4085 822 4125 serere
840 4069 909 4137 (ers.
930 4070 1038 4143 dignit.)
1057 4074 1082 4127 si
1106 4072 1148 4128 nei
1167 4073 1282 4145 pensiori
1299 4074 1349 4131 che
1366 4075 1440 4131 nelle
