3042 4692
292 245 348 306 174
670 263 705 306 u.
728 262 832 306 runnu
851 262 1009 304 croaaours

220 388 273 445 244
332 375 415 440 Tum
437 374 579 440 Atticus:
602 373 651 439 Tu
666 373 792 456 quidem
815 375 852 439 de
874 373 967 450 laete,
984 374 1097 457 inquit,
1115 373 1224 438 hauris
1238 373 1334 456 idque
1350 375 1409 438 iam

290 471 423 552 dudum,
446 472 498 537 sod
520 473 674 538 tacebam:
698 473 754 536 hoo
778 491 848 537 vero
869 490 928 537 non
943 472 1102 555 putabam,
1126 475 1158 537 te
1172 491 1272 555 usque
1293 471 1411 536 01810-

291 571 373 636 ienos
396 574 427 636 et
449 571 615 636 Autronios
637 589 702 636 osse
724 572 899 636 venturum.

334 668 401 734 Non
424 659 517 752 puto,
531 669 668 752 inquam,
692 669 867 733 existimare
889 671 920 732 te
943 667 1112 733 ambitione
1134 687 1184 733 me
1206 667 1282 745 labi,
1299 667 1410 751 quippe

290 767 494 832 demortuis:
518 767 571 832 sed
592 765 730 831 ordinem
759 785 889 848 sequens
917 765 950 830 in
974 765 1155 830 memoriam
1182 768 1287 830 notam
1310 768 1344 830 et
1364 784 1411 830 ae·

290 864 415 946 qualem
438 864 606 946 necessario
628 864 759 929 incurro.
790 862 868 928 Volo
889 865 995 928 autem
1017 863 1075 928 hoe
1096 863 1246 946 perspici,
1268 864 1411 928 omnibus

291 961 483 1044 conquisitio,
499 961 599 1044 quiin
611 961 814 1026 multitudine
832 959 934 1026 dicere
948 960 1015 1025 ausi
1032 960 1108 1038 sint,
1125 961 1275 1026 memoria
1285 961 1410 1044 quidem

291 1058 399 1144 dignos
421 1077 604 1142 perpaucos,
628 1056 768 1144 [verum]
792 1058 847 1140 qui
869 1057 993 1123 omnino
1014 1076 1124 1123 nomen
1147 1058 1331 1137 habuerint,
1354 1078 1410 1123 non

290 1156 336 1220 ita
362 1156 477 1222 multos
507 1156 611 1220 fuisse.
646 1155 705 1222 Sed
735 1156 775 1220 ad
803 1173 975 1220 sermonem
1001 1155 1183 1221 institutum
1211 1159 1410 1222 revertamur.

221 1253 388 1318 24511111.
418 1253 454 1319 Τ.
470 1254 646 1336 Torquatus
667 1253 703 1317 Τ.
724 1253 758 1317 1.
783 1255 815 1318 01
837 1252 945 1317 doetus
967 1253 1015 1317 vir
1043 1271 1078 1317 ex
1104 1251 1225 1341 Rhodia
1247 1252 1411 1336 disciplina

291 1349 423 1424 Molonis
445 1354 477 1416 et
498 1370 516 1416 a
538 1353 650 1415 natura
671 1350 709 1415 ad
725 1349 891 1416 dicendum
907 1351 983 1415 satis
998 1351 1118 1414 solutus
1133 1351 1227 1432 etque
1242 1350 1410 1433 expeditus,

291 1448 342 1512 oui
365 1449 391 1514 si
414 1449 479 1514 vita
501 1447 769 1534 suppeditavisset,
792 1448 915 1513 sublato
933 1447 1055 1512 ambitu
1078 1447 1185 1512 oonsul
1207 1447 1309 1512 lactus
1324 1451 1410 1521 esset,

291 1637 362 1674 eome
381 1637 416 1675 un
434 1621 487 1674 sole
506 1619 545 1674 de’
556 1621 600 1690 piri
619 1620 730 1674 ardenti.
751 1651 785 1659 -
911 1623 989 1677 244.
1012 1619 1065 1672 Tu.
1085 1617 1184 1672 Percht
1202 1621 1217 1671 0
1233 1619 1280 1688 qui
1299 1635 1412 1687 espresso

291 1691 312 1744 il
333 1708 405 1761 augg.
425 1691 558 1746 medianto
584 1692 605 1745 il
633 1708 706 1761 pron.
725 1692 865 1760 00001-
883 1691 917 1744 de
936 1689 1010 1754 saeee
1029 1690 1126 1744 tauros
1144 1691 1180 1743 lu.
1199 1690 1254 1744 tom
1272 1690 1340 1744 aad.
1353 1694 1411 1741 =e

292 1763 336 1830 git
354 1761 388 1816 da
406 1763 487 1832 lungo
506 1768 597 1831 tempo.
611 1763 659 1816 ohe
677 1766 708 1815 tu
727 1761 750 1814 ti
768 1761 872 1815 abbossi
899 1763 956 1814 sino
984 1761 1038 1814 alla
1063 1761 1143 1814 leooia
1161 1760 1202 1814 del
1222 1760 1284 1814 foro.
1304 1791 1342 1802 -
1359 1776 1411 1815 noo

288 1839 348 1902 put.
360 1851 457 1887 =non
476 1833 512 1886 mi
530 1833 596 1886 sarei
615 1835 755 1902 aspettato.
776 1863 810 1872 -
829 1838 978 1887 uenturum.
997 1831 1109 1886 Traduoi
1122 1832 1169 1901 qui
1186 1833 1226 1884 001
1245 1835 1336 1886 nostro
1353 1830 1412 1883 ‹di-

292 1905 411 1959 scendere
423 1926 448 1957 ».
467 1934 503 1944 -—
521 1904 671 1958 ambitione.
690 1904 755 1958 Vedi
774 1903 821 1972 qui
838 1904 859 1956 il
878 1920 937 1957 vero
955 1903 1103 1972 significato
1121 1902 1164 1956 del
1183 1903 1314 1964 vocabolo,
1334 1903 1412 1956 chet

292 1975 341 2059 ten
354 1976 468 2057 *lontano
486 1975 557 2057 dalla
576 1979 666 2028 nostra
689 1974 859 2057 ‹ambizione
871 1996 895 2028 2.
915 1971 1160 2058 metroplitano
1174 1974 1229 2043 (gr.
1243 1975 1327 2041 ἀμφί)
1339 1989 1354 2027 0
1365 1974 1412 2041 a're)

292 2045 909 2186 {illittft'itilt:limittit
918 2044 1411 2186 11111111111111111111

293 2186 325 2241 ed
342 2188 369 2240 10
389 2187 543 2257 particulare
562 2204 606 2256 per
624 2190 740 2241 ottonere
759 2186 778 2240 il
798 2191 859 2240 voto
871 2186 939 2241 nelle
950 2186 1059 2240 elezioni
1077 2185 1117 2240 de'
1130 2187 1291 2256 magistrati,
1309 2187 1411 2240 intorno

293 2258 398 2312 01000
417 2275 532 2326 persona.
553 2259 605 2326 Qui
623 2259 708 2328 potrai
728 2257 849 2312 tradurre
876 2275 923 2312 000
951 2257 1128 2328 l’espreesione
1151 2257 1311 2326 «pervolet
1330 2258 1412 2311 laria

292 2333 363 2383 eorte
381 2347 396 2382 a
414 2330 567 2399 qualeuno»,
591 2331 618 2386 10
638 2329 679 2384 001
698 2333 712 2382 e
730 2333 882 2383 conservata
900 2336 975 2398 parte
993 2328 1173 2398 dell'imagine
1191 2329 1284 2382 101100.
1297 2358 1335 2367 -
1352 2329 1410 2382 taor.

294 2399 463 2470 Corrisponde
482 2402 507 2454 al
526 2406 667 2455 venturum
679 2424 714 2446 =
725 2400 844 2482 millaooi
863 2399 960 2454 andare
978 2402 1001 2453 si
1019 2400 1047 2453 in
1065 2399 1149 2453 basso.
1169 2429 1203 2440 -
1221 2401 1330 2468 quippe.
1345 2400 1410 2453 Sott.

292 2470 1412 2610 {ltm'10t1uu.t.tt'it.lillutitfuttilfftfflutl

293 2619 348 2668 001.
367 2619 392 2667 et
409 2629 466 2682 aeq.
478 2636 513 2658 =
523 2613 549 2666 in
569 2613 662 2668 ricordi
680 2613 727 2667 cho
745 2613 814 2666 tutti
827 2629 966 2676 oonosoono
978 2613 1069 2683 perche
1082 2629 1143 2666 sono
1156 2611 1198 2666 del
1210 2617 1299 2666 nostro
1317 2618 1411 2681 tempo.

295 2683 365 2738 Nota
383 2684 429 2736 l'et
445 2684 492 2736 ohe
511 2684 644 2754 aggiunge
662 2701 707 2752 per
724 2686 857 2754 epeaepesa'
874 2684 900 2738 la
918 2701 1004 2738 eausa.
1025 2713 1056 2723 -
1076 2684 1236 2738 incurro:
1248 2683 1409 2737 m'imbatto.

294 2785 329 2794 -
354 2753 426 2808 Volo.
446 2754 512 2807 Poni
532 2753 579 2808 ben
599 2759 684 2810 mente
712 2755 767 2810 alla
795 2757 872 2823 posia.
891 2755 1005 2808 eniotioe
1023 2755 1065 2808 del
1084 2754 1169 2819 verbo,
1188 2755 1237 2808 ohe
1254 2754 1278 2807 si
1296 2761 1412 2822 contrap-

295 2841 360 2892 pone
378 2842 423 2893 per
440 2825 556 2880 eleiosmo
584 2843 599 2878 a
626 2829 773 2880 necessario
790 2828 910 2880 incurro.
929 2826 997 2880 11000
1023 2826 1044 2879 11
1069 2825 1185 2894 pensiero
1203 2824 1230 2879 di
1250 2825 1317 2881 Cia:
1337 2842 1411 2880 senza

295 2912 388 2950 averno
406 2897 554 2950 intenzione
573 2897 606 2951 ho
625 2898 727 2966 parlato
746 2897 773 2950 di
792 2898 921 2951 Autronio
939 2913 1005 2951 eoo:
1024 2913 1067 2950 ma
1084 2896 1172 2966 quello
1189 2896 1258 2950 olr’io
1277 2897 1367 2966 voglio
1378 2897 1413 2949 sie

295 2967 359 3020 bene
377 2968 538 3022 considerato
566 2969 707 3038 (perspici)
724 2972 739 3022 ὸ
757 2969 804 3022 010
822 2985 871 3022 eoo.
891 2966 943 3021 Per
961 2967 1056 3022 l'infrn.
1071 2968 1191 3037 perspici
1207 2985 1232 3021 v.
1254 2967 1305 3021 182
1322 2969 1411 3022 eolo...

295 3039 365 3093 seiri.
386 3071 420 3079 —
439 3055 509 3094 omo.
528 3040 645 3108 conquas.
658 3064 694 3086 =
707 3055 770 3107 pure
788 3038 984 3094 enornerendoli
1002 3039 1079 3092 tutti.
1098 3069 1133 3078 -
1150 3041 1215 3092 arrei
1231 3039 1295 3093 siut.
1316 3038 1411 3092 Pemlre

295 3110 314 3163 il
333 3110 431 3180 congf?
449 3139 484 3150 -—
502 3111 532 3164 io
550 3111 624 3164 mole.
652 3097 676 3164 11
701 3112 725 3165 10
748 3113 831 3163 stesso
854 3110 901 3164 ohe
923 3111 1000 3178 apud
1023 3110 1106 3173 molt,
1134 3110 1212 3177 opud
1229 3126 1293 3178 pop.
1311 3114 1362 3163 eto.
1380 3137 1412 3147 -

295 3181 414 3251 [oerum]
428 3199 451 3234 v.
465 3183 537 3250 App.
556 3181 614 3235 orit.
634 3211 668 3220 ——
686 3183 802 3235 ommino.
820 3180 881 3234 Non
900 3184 914 3234 e
933 3198 990 3234 raro
1008 3182 1036 3234 in
1055 3180 1109 3236 Cio.
1128 3179 1195 3233 l’nso
1213 3179 1241 3234 di
1259 3181 1368 3234 omnino
1385 3179 1410 3231 in

297 3269 330 3304 00
349 3252 497 3322 significato
516 3251 562 3305 ohe
582 3253 661 3306 molto
679 3253 805 3308 s'aooosta
817 3253 929 3307 aeolum
940 3269 956 3304 0
968 3259 1074 3306 tautum
1086 3267 1100 3304 e
1111 3251 1276 3321 corrisponde
1287 3251 1315 3303 al
1327 3257 1412 3303 nostro

294 3345 330 3368 =
342 3323 368 3374 10
389 3341 423 3377 un
444 3322 518 3376 modo
537 3324 694 3394 qualunque.
709 3353 744 3364 -
753 3324 795 3378 od
804 3338 880 3377 mom.
893 3324 955 3378 inat.
973 3338 1025 3377 reo.
1039 3339 1063 3375 v.
1077 3322 1137 3376 220.
1151 3352 1186 3362 -
1238 3322 1320 3376 LXX.
1332 3323 1361 3390 γ)
1373 3321 1412 3374 Se·

294 3393 374 3446 condo
401 3411 503 3462 gruppo
522 3393 549 3447 di
567 3395 664 3448 oratori
691 3394 900 3462 oontemporanei
928 3394 955 3447 di
983 3394 1113 3456 Ortensio,
1132 3393 1177 3462 giu
1196 3391 1412 3459 000110100-

294 3470 382 3533 quatu,
402 3465 437 3518 M.
457 3465 589 3532 Pontidio,
609 3466 644 3519 M.
664 3465 867 3530 Μθο0010,1101.
887 3461 984 3530 Celere,
1002 3464 1067 3518 Met.
1088 3463 1199 3533 Nepote,
1224 3463 1272 3518 On.
1293 3463 1412 3527 Lentulo,

294 3536 323 3590 Ο.
342 3536 476 3606 Memmio)
494 3535 587 3606 (LXX,
607 3537 741 3607 245-247).
761 3566 795 3575 ·-
867 3534 1173 3604 24011000αο00.
1192 3535 1412 3590 8000000010.-

294 3607 386 3661 doetus
397 3631 433 3652 =
445 3611 631 3661 ammeestrato
649 3607 703 3660 alla
722 3607 809 3662 000010
828 3607 961 3676 (discipl).
984 3637 1016 3646 -
1035 3607 1160 3660 Molonis
1178 3606 1229 3660 Per
1246 3605 1350 3658 Melone
1362 3621 1376 3657 e
1388 3604 1411 3655 la

294 3678 382 3732 000010
400 3678 483 3731 Rodia
501 3696 525 3730 v.
545 3679 608 3732 Dia.
632 3679 723 3749 biopr,
745 3679 851 3732 Introd.
872 3678 884 3731 I
903 3695 917 3732 e
938 3678 997 3732 316.
1021 3708 1056 3717 -
1075 3677 1186 3730 solutus.
1206 3694 1230 3729 v.
1247 3677 1298 3730 110
1318 3692 1331 3728 e
1355 3674 1410 3728 173.

295 3777 328 3787 -
347 3749 399 3802 eoi.
414 3749 484 3802 Nota
502 3749 670 3803 l’attrazione
694 3749 736 3802 del
759 3766 831 3818 pron.
858 3749 932 3803 relat.
945 3773 980 3796 =
992 3749 1049 3817 poi,
1067 3749 1093 3801 sa'
1109 3749 1141 3802 ei.
1161 3764 1185 3800 v.
1207 3746 1257 3801 168
1276 3748 1360 3800 metus.
1379 3774 1412 3784 -

293 3820 349 3873 uita
367 3819 826 3887 supped.v.105.-sutl.omb.
855 3820 975 3874 Aoeenna
1002 3819 1120 3872 all'altra
1147 3817 1224 3886 lagga
1251 3817 1285 3871 de
1312 3816 1412 3870 0001110

293 3890 320 3944 di
340 3889 460 3960 Pompe0,
480 3891 522 3944 nel
541 3907 587 3944 suo
606 3894 677 3944 terzo
695 3890 835 3944 consolato.
855 3891 937 3944 Molte
964 3889 1037 3958 leggi
1064 3888 1156 3942 furono
1176 3889 1205 3942 10
1224 3889 1307 3942 Roma
1324 3903 1412 3955 oppro

294 3965 354 4015 vate
373 3978 418 4030 per
436 3979 509 4032 porro
529 3979 563 4014 un
584 3962 655 4015 freno
668 3962 720 4014 alla
741 3961 891 4016 oorruzione
902 3960 1075 4030 grandissima
1098 3959 1143 4012 ohe
1165 3975 1209 4014 era
1230 3959 1332 4013 insalsa
1344 3957 1412 4010 nella

293 4033 405 4088 elezione
418 4031 457 4088 de’
473 4033 633 4102 magistrati.
648 4032 684 4086 Le
696 4032 835 4102 principali
854 4049 930 4085 sono:
949 4033 992 4087 lex
1006 4031 1129 4087 Cornelia
1142 4031 1250 4087 Baeou
1261 4029 1332 4100 (181,
1345 4028 1411 4088 Lia,
