3042 4692
268 266 326 328 184
656 282 692 326 rr.
714 283 818 327 33333
837 282 995 329 33333333

268 416 304 462 er
329 397 417 462 ebore
439 394 697 480 pulcherrimum
727 397 833 463 tamen
854 416 910 482 ego
932 416 982 463 me
1004 397 1150 463 Phidiam
1172 417 1237 465 esse
1259 398 1393 464 mallem

269 514 363 578 quam
389 494 438 562 uel
463 493 616 579 optimum
648 493 772 559 fabrum
799 495 980 581 tignarium.
1016 495 1117 577 Quare
1146 515 1206 562 non
1235 498 1393 580 qnantum
1503 541 1504 548 ι

270 594 401 677 quisque
421 592 528 677 prosit,
550 592 603 659 sed
625 592 734 677 quenti
751 593 883 679 quisque
905 594 947 660 sit
968 594 1199 679 ponderandum
1221 597 1282 661 est:
1305 614 1395 679 prae·
1494 593 1499 602 '

270 691 377 758 sertim
398 711 471 758 eum
492 692 584 776 pauei
606 692 732 778 pingere
754 691 877 779 egregie
898 693 1018 778 possint
1039 695 1094 759 aut
1116 693 1241 779 fingere,
1257 694 1395 778 operarii

199 797 251 853 258
270 792 375 859 autem
396 792 452 856 331
473 789 573 856 baiuli
594 790 697 857 deesse
718 809 778 857 non
793 791 920 875 possint.
946 790 1089 857 LXXIV.
1109 790 1169 857 Sed
1183 811 1287 877 perge,
1301 792 1397 857 Pom-

269 890 352 975 poni,
375 890 412 954 de
435 887 564 955 Caesare
585 890 618 955 et
637 889 730 955 redde
752 907 832 974 quae
854 890 980 956 restant.

314 988 422 1054 Solum
447 988 590 1071 quidem,
612 986 717 1071 inquit
737 988 808 1068 1113,
830 989 862 1054 31
885 988 973 1071 quasi
1003 987 1239 1055 fundamentum
1262 987 1398 1055 oratoris

271 1086 366 1167 uides,
387 1086 575 1152 locutionem
590 1086 785 1154 emendatam
800 1088 832 1153 et
846 1086 1003 1167 Latinam,
1018 1086 1107 1153 33133
1122 1105 1215 1171 penes
1230 1104 1307 1170 quos
1322 1086 1397 1151 1333
1503 1127 1504 1154 1

272 1185 373 1250 adhue
395 1184 466 1264 fuit,
488 1184 625 1249 nonfuit
645 1184 774 1251 rationis
789 1185 1013 1265 331331331133,
1035 1184 1088 1251 sed
1103 1185 1193 1270 quasi
1214 1186 1311 1251 bonae
1327 1204 1398 1251 eon-

269 1281 454 1355 suetudinis.
471 1282 564 1349 Mitto
579 1281 612 1349 O.
627 1283 781 1365 Laelium,
804 1284 839 1349 P.
856 1282 949 1349 titum
964 1282 1152 1369 Scipionem:
1176 1282 1288 1350 3313113
1302 1282 1397 1349 illius
1502 1314 1503 1319 1

272 1506 380 1561 l'evorio
397 1507 491 1560 tenera
509 1504 534 1559 le
551 1504 607 1560 soei
624 1504 667 1560 del
685 1521 785 1560 mermo
797 1504 871 1575 pario
885 1521 931 1575 per
942 1504 1050 1561 ritrarre
1068 1504 1089 1559 il
1107 1504 1217 1560 candore
1228 1504 1297 1561 delle
1313 1506 1397 1563 33331.

272 1610 308 1619 -
326 1594 374 1648 ego
385 1600 421 1623 ==
432 1593 477 1646 per
494 1578 571 1631 33313
583 1576 643 1631 mio.
656 1606 691 1617 -
703 1593 743 1631 me
754 1578 866 1631 33311333.
886 1576 932 1633 Ooi
951 1576 1023 1632 verbi
1040 1578 1110 1645 3313,
1127 1578 1204 1642 mato,
1224 1578 1311 1647 cupio,
1328 1578 1398 1649 3313,

273 1650 301 1703 13
318 1666 395 1719 prosa
412 1649 519 1703 3133333.
538 1647 673 1719 3331331333
690 1648 718 1702 13
736 1650 846 1702 oestron.
866 1648 939 1703 infin.
959 1666 1006 1703 eon
1023 1648 1096 1703 l’aeo.
1115 1647 1158 1704 del
1176 1666 1250 1719 segg.
1269 1665 1397 1719 eaprereo,

274 1721 356 1775 33313
374 1720 478 1790 quondo
497 1720 543 1784 sia,
562 1736 633 1773 oome
650 1719 704 1790 qui,
723 1720 744 1773 11
763 1718 901 1774 medesimo
913 1719 956 1775 del
972 1719 1050 1775 verbe
1068 1719 1398 1790 prino.‚purohei1verbo

274 1792 348 1847 1313.
361 1792 400 1846 313
413 1807 465 1846 esse
478 1808 493 1844 o
505 1791 591 1847 uideri
607 1808 622 1845 o
641 1808 676 1844 un
695 1790 773 1845 verbo
785 1791 895 1860 passive.
909 1790 954 1846 Es.
972 1791 1076 1846 33311333
1087 1808 1195 1846 manere
1206 1808 1289 1861 quam
1302 1792 1399 1861 abtre5

275 1864 379 1919 33311333
396 1878 437 1917 me
454 1879 509 1917 esee
526 1879 609 1931 quom
630 1862 717 1916 videri
734 1863 840 1917 133333.
859 1862 982 1919 Potevaei
1000 1862 1046 1933 qui
1065 1862 1250 1917 1133133113ιὲ
1269 1893 1304 1903 -
1322 1862 1397 1927 fabr.

276 1936 343 2005 1133.
362 1935 437 2002 Dap,
450 1933 496 1998 lV,
512 1934 553 1997 16,
566 1934 632 1986 2253
655 1933 770 1988 «131333
788 1934 916 2004 tignarios
934 1933 1045 1989 dieimus
1063 1951 1115 1988 non
1133 1950 1176 1989 333
1194 1934 1337 1989 dumtaxat
1349 1935 1398 2005 qni

275 2008 353 2075 tigna
371 2005 463 2059 131331
481 2004 630 2075 (31311333),
648 2004 693 2059 331
710 2021 799 2059 omnes
818 2004 864 2076 qui
881 2004 1021 2059 aedificant
1033 2027 1058 2060 ».
1077 2004 1218 2061 Sarebbero
1246 2004 1372 2075 adunque
1389 2006 1399 2058 i
1502 2046 1503 2051 1

277 2076 359 2131 nostri
384 2076 466 2145 «oapi
483 2076 613 2130 masiti».
633 2107 666 2116 -
686 2078 727 2131 331
743 2077 832 2146 optim.
848 2100 884 2124 =
896 2092 942 2147 per
954 2078 1053 2147 quanto
1066 2075 1153 2132 bravo.
1173 2108 1208 2117 —
1226 2081 1363 2146 quantum

272 2148 409 2219 prosit:
421 2163 472 2201 non
490 2150 504 2199 e
522 2147 556 2201 de
574 2146 670 2201 badare
688 2148 714 2202 31
733 2148 878 2219 vanteggio
896 2148 943 2203 ohe
965 2165 1016 2202 uno
1034 2164 1100 2203 reoa.
1120 2178 1155 2188 -
1173 2149 1303 2217 quanti...
1314 2149 1353 2205 se
1364 2172 1399 2195 =

276 2237 320 2275 ma
338 2220 364 2273 31
383 2218 699 2274 3333313331313133333.
720 2219 771 2274 Ρ33
789 2218 809 2273 11
827 2236 886 2289 gen.
905 2220 1004 2287 333311
1024 2219 1126 2274 ricorde
1143 2218 1191 2275 313
1210 2219 1263 2273 1313
1281 2222 1296 2273 e
1314 2220 1343 2274 13
1362 2236 1399 2274 33-

277 2291 409 2347 struzione
435 2289 463 2344 di
490 2306 552 2357 ease,
580 2290 684 2360 qnando
708 2290 828 2360 significa
851 2292 999 2345 «valere».
1019 2322 1053 2331 -
1067 2292 1182 2361 pingere
1199 2291 1400 2361 eorege'emoeet

275 2365 340 2433 finp.
353 2387 390 2409 =
401 2378 484 2416 essere
501 2362 609 2416 maestri
627 2361 699 2417 33113
717 2363 821 2431 pitture
839 2362 935 2426 333113
953 2362 1076 2417 33311333.
1095 2392 1131 2403 -
1148 2363 1315 2432 operarii:
1327 2362 1397 2417 1333

277 2435 357 2489 renti.
377 2465 410 2473 —
430 2433 522 2488 baiuli.
543 2432 683 2489 Sarebbero
701 2433 712 2487 1
729 2432 814 2487 333131
837 2432 998 2488 «dochini»
1021 2450 1035 2487 e
1053 2433 1075 2487 si
1099 2432 1211 2503 adopera
1238 2448 1326 2502 spesso
1386 2450 1399 2486 r

277 2505 392 2561 13113333
410 2504 526 2558 13111333
544 2505 625 2559 313333
643 2503 684 2559 131
696 2504 846 2559 1333331331.
859 2521 883 2559 v.
897 2504 929 2559 de
944 2503 1031 2573 Orat,
1043 2504 1079 2572 11,
1095 2504 1136 2572 10,
1148 2503 1192 2559 40.
1206 2503 1257 2569 Qui
1268 2504 1313 2573 poi
1326 2504 1336 2558 i
1368 2520 1399 2558 ue

277 2576 395 2631 vooaboli
413 2591 482 2644 oper.
502 2593 516 2628 e
535 2575 587 2630 dai.
606 2576 630 2630 si
647 2578 875 2645 eontrappongono
893 2576 1036 2645 apiagere
1057 2574 1197 2645 31133333,
1216 2574 1325 2630 volendo
1345 2574 1397 2631 Cio.

279 2649 461 2715 eontrapporre
479 2646 534 2715 agli
560 2670 572 2695 «
584 2648 673 2701 3311311
686 2670 698 2695 ›
716 2648 755 2717 gli
779 2647 914 2717 «operui»
933 2664 947 2700 o
966 2646 1116 2716 ‹artigiani
1129 2669 1154 2700 ι.
1173 2647 1205 2701 13
1219 2646 1336 2712 Parasi„
1349 2646 1398 2713 111,

279 2719 323 2785 23,
343 2717 428 2771 baiuli
445 2722 470 2771 31
487 2719 608 2786 operarii
624 2720 645 2771 si
664 2723 893 2789 eontrappongono
905 2735 920 2772 3
933 2718 1079 2773 doctissimi
1090 2718 1217 2785 13331333,
1235 2716 1399 2773 esarebbero

284 2790 318 2842 «1
336 2788 501 2843 mestieranti
519 2788 589 2843 13113
607 2790 723 2844 1133313.
741 2820 777 2830 -
831 2789 952 2844 LXXIV.
971 2792 1050 2849 258.
1068 2789 1211 2859 Pomponi.
1224 2806 1247 2842 ιι.
1262 2788 1326 2856 251,
1339 2790 1397 2844 252.

279 2893 314 2901 -
332 2860 420 2915 redde,
439 2859 627 2930 L'espreseione
643 2864 657 2915 3
675 2861 779 2932 propria
797 2877 842 2932 per
860 2862 880 2915 il
898 2860 1014 2915 debitore
1027 2861 1074 2915 che
1089 2860 1154 2915 deve
1172 2877 1269 2931 pagare
1281 2877 1319 2914 nn
1331 2863 1397 2915 resto

279 2932 322 2987 del
340 2930 437 2986 debito.
464 2962 498 2971 -
525 2932 617 2987 seium.
636 2925 684 2986 L’o
702 2932 728 2987 di
747 2933 833 2987 sotum
857 2932 973 2997 ebreve,
1002 2932 1033 2985 ed
1060 2932 1080 2985 il
1105 2931 1227 2987 rooebolo
1249 2934 1263 2986 ὸ
1281 2934 1346 2986 3331.
1365 2962 1398 2972 -

279 3003 365 3074 quasi.
384 3019 408 3057 v.
427 3003 452 3057 8.
472 3034 506 3043 -
524 3002 637 3068 tundam
649 3029 686 3050 =
698 3003 724 3058 13
742 3004 804 3058 1333
818 3021 848 3057 33
861 3004 903 3058 331
916 3004 938 3058 31
951 3019 1038 3073 regge.
1058 3034 1092 3043 -
1111 3003 1190 3058 uideo.
1205 3002 1317 3059 Osserve
1330 3018 1397 3058 eome

279 3076 322 3130 nei
341 3075 425 3129 latino
443 3076 518 3128 tutto
534 3076 556 3130 il
573 3076 678 3145 periodo
690 3075 800 3145 dipende
813 3075 847 3129 da
859 3078 951 3145 questo
965 3074 1049 3140 verbo,
1069 3074 1115 3129 che
1133 3091 1185 3128 non
1204 3075 1325 3129 contiene
1338 3078 1395 3145 perd

279 3146 385 3201 uu’idea
403 3146 576 3216 logioemeute
594 3147 746 3217 principale,
766 3150 867 3201 mentre
885 3147 913 3201 in
931 3145 989 3200 1131.
1015 3149 1065 3215 put
1083 3160 1166 3201 essere
1184 3162 1300 3215 espresso
1319 3146 1353 3200 da
1364 3162 1398 3201 nn

279 3219 490 3271 ineiso=come
517 3223 549 3271 13
575 3218 625 3273 133
653 3217 719 3272 redi.
747 3218 789 3271 Ed
817 3232 920 3271 esserra
943 3233 1036 3272 333333
1063 3215 1109 3271 313
1136 3217 1163 3271 13
1188 3220 1279 3272 333133
1306 3234 1397 3289 333333

280 3289 347 3343 31331
371 3289 417 3343 «31
436 3287 500 3343 vede
517 3289 564 3343 che
576 3312 601 3354 ›‚
627 3292 664 3343 «e
682 3289 770 3344 311333
789 3288 859 3343 ohe»
884 3305 933 3343 eoo.
952 3305 1002 3342 non
1025 3305 1132 3359 possono
1162 3289 1216 3343 mai
1243 3304 1329 3343 essere
1347 3292 1397 3343 tre-

280 3359 354 3413 dotte
372 3359 406 3413 de
424 3360 538 3425 videtur,
557 3360 657 3415 31313
675 3376 774 3431 sempre
793 3360 878 3414 valore
897 3361 1017 3427 1313333,
1029 3376 1072 3413 ma
1090 3376 1138 3414 oon
1155 3359 1326 3423 3113333333
1347 3359 1396 3431 qni,

280 3448 295 3484 o
312 3431 438 3496 videmus,
457 3432 546 3486 uidere
563 3432 623 3486 lieet
640 3449 690 3487 eoo.
709 3462 745 3473 -
763 3432 854 3487 313331.
877 3432 1042 3486 emendatam
1054 3435 1078 3486 et
1090 3429 1152 3485 Lot.
1166 3454 1202 3477 =
1216 3431 1283 3485 l'uso
1302 3430 1331 3485 di
1349 3448 1397 3486 333

273 3503 373 3572 'lingua
391 3506 505 3557 eorrette
516 3520 530 3557 e
543 3520 616 3572 pure.
630 3534 664 3543 —
677 3503 768 3558 311133
779 3526 816 3549 =
827 3503 880 3558 133
898 3502 931 3557 31
950 3503 1019 3572 oggi.
1038 3532 1073 3541 —
1089 3518 1171 3571 peaes
1188 3502 1328 3571 33331333
1337 3502 1395 3568 fuit

280 3590 304 3627 v.
318 3590 409 3643 peres.
428 3573 577 3629 1333143.
596 3574 668 3629 Note
694 3574 738 3645 poi
765 3574 941 3644 l’espressione
962 3572 1074 3627 eilittiee
1086 3595 1122 3619 ιι
1133 3574 1213 3629 euius
1231 3572 1293 3629 urus
1311 3574 1397 3640 iniis,

277 3658 360 3712 peaes
377 3659 445 3713 quos
462 3645 525 3698 adt.
543 3646 608 3711 feeit,
626 3662 682 3701 noa
699 3646 757 3712 suit
774 3644 835 3701 1333
853 3662 901 3701 eoo.
914 3661 976 3699 =e
995 3644 1075 3715 quelli
1088 3643 1135 3698 313
1150 3644 1202 3699 133
1221 3642 1256 3699 31
1275 3645 1338 3715 oggi
1360 3645 1398 3700 31

282 3715 342 3768 1333
359 3714 380 3767 11
398 3714 491 3767 merito
510 3715 537 3768 di
556 3717 709 3786 possederie,
728 3717 930 3787 l'eoquisterono
957 3733 1008 3771 non
1027 3715 1071 3785 gie
1092 3732 1138 3785 per
1156 3714 1300 3770 3113331333
1314 3716 1397 3841 grati,

282 3803 296 3838 3
316 3801 363 3837 333
382 3785 407 3838 13
425 3785 513 3838 313113
530 3788 648 3857 (serent),
667 3805 712 3842 ma
729 3788 791 3854 solo,
811 3805 856 3858 per
873 3789 926 3842 cosi
952 3787 1007 3841 dire
1028 3786 1137 3857 (33331),
1156 3786 1183 3841 13
1203 3786 1296 3857 grazia
1334 3787 1398 3842 'una

282 3856 368 3909 buona
387 3854 532 3910 ebitudine.
551 3856 565 3910 l
583 3875 642 3927 gen.
661 3860 776 3915 rationis
795 3876 808 3913 e
827 3859 954 3913 oetentiae
965 3883 1000 3906 =
1012 3872 1045 3912 33
1062 3858 1167 3913 ratione
1185 3863 1211 3913 et
1228 3858 1349 3913 seientia
1367 3890 1398 3899 -

281 3927 358 3981 mitto
369 3950 405 3972 =
416 3943 468 3981 non
485 3928 558 3997 pario
575 3928 611 3983 di.
630 3961 665 3971 —
686 3931 716 3987 0.
734 3930 810 3985 Laei.
830 3948 854 3984 v.
874 3930 934 3985 211.
953 3960 986 3971 -
999 3930 1036 3985 P.
1048 3928 1118 3998 Soipu.
1132 3946 1156 3985 v.
1179 3929 1221 3993 82,
1242 3929 1305 3985 211.
1318 3960 1353 3971 -
1364 3930 1398 3985 Ia

282 4014 425 4053 maneenaa
443 3998 513 4053 della
531 4000 668 4070 perticella
686 4001 836 4072 copulativa
855 4000 996 4073 (asindeto)
1014 4000 1125 4070 dipende
1143 3999 1356 4055 dall’intenaione
1373 4000 1397 4055 di

283 4069 338 4124 Cio.
357 4069 384 4124 di
403 4070 564 4127 considerare
583 4072 592 4125 i
612 4072 662 4128 due
681 4072 837 4145 personaggi
856 4090 927 4127 eome
950 4072 1044 4127 riuniti
1062 4072 1089 4127 in
1109 4088 1161 4126 333
1180 4072 1279 4142 coppia.
1298 4102 1335 4113 -—
1352 4078 1398 4129 oet
