3042 4692
312 298 372 360 238
705 314 739 357 n.
764 313 866 357 nuncu
886 312 1044 357 cronnonrs

313 426 457 493 dictionis
477 425 539 492 duo
560 425 649 491 sunt:
671 444 771 491 unum
794 424 1015 491 sententiosum
1036 427 1070 490 et
1091 425 1249 511 argutum,
1272 420 1438 489 sententiis

313 544 372 593 non
394 527 459 591 bru
480 524 628 610 gravibus
649 525 682 591 et
696 524 809 590 severis
824 542 920 607 quarn
935 523 1092 589 concinnis
1114 524 1146 589 et
1168 521 1322 600 venustis,
1335 520 1438 607 qualis

313 624 345 689 in
367 622 497 689 historia
518 622 683 702 Timaeus,
704 622 737 687 in
760 620 889 689 dicendo
910 623 1015 687 auum
1038 620 1142 705 pueris
1164 621 1252 686 nobis
1273 618 1438 685 Hierocles

312 720 531 800 Alabandeus,
560 720 661 807 magis
682 720 779 787 etiam
808 720 961 787 Menecles
982 720 1077 785 frater
1103 718 1171 785 eius
1193 718 1270 793 fuit,
1302 736 1438 801 quornm

313 820 476 904 utriusqus
497 819 737 885 orationessunt
756 818 790 884 in
811 818 931 903 primis,
953 819 989 883 nt
1010 816 1150 883 Asiatico
1171 816 1204 882 in
1224 834 1351 902 genere,
1377 815 1439 880 lau·

312 918 440 984 dabiles.
462 917 561 983 Aliud
582 918 688 983 autem
716 936 814 1004 genus
836 918 963 982 estnon
985 917 1051 982 tam
1074 915 1235 982 sententiis
1261 912 1439 997 frequenta-

313 1018 382 1081 tum
403 1034 498 1099 quam
518 1015 621 1082 verbis
637 1016 760 1082 volucre
783 1016 876 1099 atque
891 1014 1068 1093 incitatum,
1091 1014 1178 1097 quali
1201 1014 1248 1079 est
1261 1031 1347 1079 nune
1366 1012 1440 1077 Asia

313 1116 388 1195 tota,
410 1133 465 1181 nec
486 1114 618 1179 flumine
638 1115 736 1179 solnm
752 1114 909 1193 orationis,
932 1112 986 1179 sed
1007 1112 1103 1178 ctiam
1125 1112 1266 1177 exornato
1288 1111 1322 1176 et
1336 1110 1440 1177 faceto

313 1230 423 1298 genere
444 1212 627 1293 verborum
648 1212 683 1277 in
705 1231 766 1296 quo
788 1212 850 1279 fuit
872 1212 1044 1296 Aeschylus
1067 1209 1197 1276 Cnidius
1223 1211 1255 1275 et
1275 1228 1373 1275 meus
1397 1228 1440 1274 ae·

313 1311 416 1395 qualis
444 1311 588 1377 Milesius
614 1311 791 1377 Aeschines.
826 1310 863 1375 In
892 1310 942 1375 his
968 1310 1035 1376 erat
1061 1308 1255 1374 admirabilis
1285 1308 1439 1375 orationis

243 1420 296 1479 326
313 1430 431 1490 cursus,
453 1411 560 1476 ornata
582 1410 806 1476 sententiarum
828 1409 1019 1475 concinnitas
1040 1426 1100 1474 non
1119 1408 1193 1473 erat.
1216 1407 1302 1473 Haec
1318 1410 1439 1485 autern

313 1511 351 1576 nt
371 1508 446 1589 dixi,
468 1528 580 1595 genera
602 1509 720 1575 dicendi
744 1508 865 1593 aptiora
887 1510 960 1574 sunt
981 1506 1241 1585 adulescentibus,
1258 1505 1292 1570 in
1308 1507 1439 1572 senibus

312 1608 499 1693 gravitatem
521 1628 580 1674 non
602 1608 727 1675 habent.
754 1609 865 1692 Itaque
882 1606 1072 1673 Hortensius
1094 1606 1225 1688 utroque
1247 1624 1362 1689 genere
1387 1606 1438 1671 flo·

313 1726 382 1773 rens
404 1706 553 1773 clamores
574 1706 708 1773 iaciebat
728 1705 917 1772 adulescens.
935 1706 1079 1771 Habebat
1094 1704 1177 1770 enim
1199 1705 1230 1769 et
1244 1702 1438 1769 Meneclium

312 1805 394 1871 illud
416 1804 557 1871 studium
579 1805 755 1871 crebrarum
779 1806 1040 1888 venustarumque
1062 1801 1296 1881 sententiarum,
1317 1801 1353 1865 in
1370 1803 1438 1886 qui-

313 1905 380 1982 bus,
397 1903 479 1969 utin
495 1903 552 1969 illo
568 1902 693 1982 Graeco,
716 1903 806 1968 sicin
823 1904 879 1968 hoc
894 1902 981 1967 erant
996 1900 1148 1984 quaedam
1170 1898 1270 1984 magis
1284 1903 1437 1967 venustae

313 2001 478 2083 dulcesque
500 2000 668 2067 sententiae
685 2020 777 2084 quam
798 2001 854 2066 aut
869 2000 1055 2066 necessariae
1078 2000 1133 2064 aut
1148 1996 1308 2072 interdum
1324 1997 1436 2074 utiles;

313 2101 345 2165 et
365 2100 432 2165 erat
453 2098 549 2163 oratio
577 2117 647 2163 cum
671 2099 801 2165 incitata
827 2101 859 2165 et
879 2099 1004 2165 vibrans
1025 2098 1094 2166 tum
1117 2096 1215 2163 etiam
1237 2096 1385 2160 accurata
1407 2097 1436 2161 et

313 2260 458 2331 qnodque»
481 2277 530 2315 coc.
550 2292 585 2301 -
603 2266 671 2315 orat.
684 2284 720 2307 =
732 2260 802 2315 della
814 2277 862 2315 sua
874 2260 1022 2329 eloquenza.
1042 2289 1077 2299 -
1096 2259 1183 2314 Asioi.
1198 2275 1222 2313 v.
1235 2258 1342 2312 Introd.
1359 2258 1381 2312 1.
1401 2288 1435 2298 -

311 2334 517 2402 penarumduo.
536 2331 567 2386 In
590 2332 674 2396 Orat,
694 2332 793 2387 aco-31
820 2331 873 2387 Cic.
901 2330 1035 2401 distingne
1062 2330 1101 2401 gli
1128 2330 1226 2385 oratori
1248 2328 1353 2383 asiatici
1373 2330 1434 2383 in3

313 2404 417 2475 groppi‚
436 2403 544 2459 secondo
562 2404 582 2457 il
601 2403 696 2459 diletto
715 2402 926 2473 predominanto:
947 2404 974 2456 1·
985 2402 1068 2472 quelli
1086 2401 1133 2455 che
1152 2408 1282 2455 curavano
1301 2402 1397 2470 troppo
1408 2400 1433 2453 la

313 2476 447 2529 rotondita
465 2475 506 2529 del
526 2475 629 2545 periodo
648 2475 846 2543 (compluscula
870 2474 1067 2543 numerorum);
1086 2472 1115 2526 2⁰
1132 2472 1215 2542 quelli
1233 2472 1280 2526 ohe
1308 2488 1433 2526 amavano

313 2547 443 2616 spezzarlo
461 2551 554 2615 troppo
572 2546 764 2600 minutamente
782 2544 960 2629 (iufrinpcre),
974 2562 998 2599 v.
1012 2546 1065 2599 286
1083 2560 1097 2599 e
1116 2544 1184 2607 2875
1203 2542 1230 2597 3⁰
1249 2542 1334 2613 quelli
1351 2542 1381 2596 in
1394 2544 1432 2597 oni

313 2635 357 2671 era
375 2618 494 2671 notevole
512 2634 564 2670 nna
582 2622 654 2671 corta
671 2617 825 2671 nnilormrit
852 2634 865 2671 e
893 2617 1044 2671 monotonia
1068 2614 1139 2669 nella
1156 2614 1247 2669 chinea
1265 2614 1309 2668 dei
1327 2614 1429 2683 periodi.

313 2720 348 2729 -—
366 2694 432 2743 sent.
448 2705 526 2758 pauo.
544 2694 571 2743 et
586 2705 637 2743 seo.
651 2712 687 2734 =
699 2687 848 2758 profondita
866 2704 880 2741 e
899 2688 1003 2756 gravita
1025 2687 1052 2741 di
1070 2686 1194 2757 pensiero.
1216 2716 1249 2725 -
1268 2686 1431 2741 concinnet

313 2766 537 2814 uenust=cura
563 2759 633 2813 della
660 2760 806 2813 simmetria
833 2775 847 2813 e
874 2758 943 2813 della
964 2760 1063 2829 grania.
1091 2788 1126 2797 -
1158 2758 1292 2811 Timaeus.
1312 2774 1337 2811 v.
1357 2756 1392 2811 63
1416 2773 1428 2809 e

313 2831 379 2885 Dia.
397 2831 480 2899 bioqr.
499 2861 534 2869 -
550 2831 642 2899 pueris
668 2831 753 2885 nobb.
782 2830 838 2885 Che
857 2847 914 2885 caso
933 2830 968 2883 bl
987 2854 1023 2871 a·
1050 2828 1187 2884 Hierocles
1214 2826 1298 2883 Azao.
1323 2845 1348 2882 v.
1369 2828 1428 2881 Dia.

313 2903 451 2985 1109ζρ
469 2902 610 2957 Menecles.
638 2919 664 2957 v.
682 2902 746 2957 Dia.
768 2902 852 2971 biopr.
872 2932 907 2941 -
928 2907 967 2955 ut.
987 2918 1011 2985 Y·
1031 2900 1074 2955 28.
1099 2930 1133 2941 —
1158 2900 1237 2955 uliud
1260 2923 1296 2945 =
1319 2898 1429 2981 un'altrs

313 2973 812 3114 lllb.bll⁸l.}.td.bb.tll:
827 2970 1430 3115 ibtuaubclllbloblatio

313 3134 358 3187 per
377 3117 404 3170 la
422 3116 483 3187 fogo
500 3115 568 3170 delle
582 3115 675 3185 parole.
690 3147 724 3155 -
743 3116 826 3185 quali.
850 3133 873 3169 v.
893 3116 965 3185 App.
985 3116 1044 3169 crit.
1063 3144 1098 3154 -
1110 3114 1221 3181 flumine
1242 3118 1311 3168 orat.
1325 3138 1360 3158 =
1373 3112 1429 3165 stile

312 3188 400 3243 fluido.
418 3218 454 3227 -
472 3204 563 3242 exora
582 3192 609 3241 ct
624 3186 677 3250 fac.
693 3203 755 3257 peu.
774 3186 843 3241 verb.
856 3208 891 3232 =
904 3204 948 3256 per
966 3186 1032 3241 l'uso
1049 3185 1076 3239 di
1096 3202 1130 3239 un
1150 3184 1307 3255 linguaggio
1320 3184 1386 3237 ricco
1403 3183 1428 3236 di

312 3260 396 3328 figure
413 3259 530 3327 (exora.)
547 3275 560 3312 e
580 3259 667 3313 vivaco
686 3258 791 3326 (faceto.
811 3275 835 3312 v.
855 3258 909 3325 63).
934 3288 968 3298 -
995 3258 1026 3311 in
1043 3273 1096 3325 quo
1114 3258 1177 3310 soti.
1198 3271 1303 3325 ponere.
1331 3284 1365 3295 —
1383 3254 1430 3308 Ac-

312 3329 428 3401 scbyius.
448 3348 471 3383 v.
491 3329 543 3384 316
562 3346 575 3382 e
593 3330 657 3384 Dia.
678 3330 762 3398 biopr.
789 3359 824 3369 -
849 3329 975 3383 Milesiae
992 3328 1190 3383 Aeschinem.
1210 3327 1275 3383 Dia.
1296 3326 1379 3396 bioqr.
1400 3354 1429 3365 -

312 3408 379 3457 orat.
399 3417 494 3456 cursus
505 3426 541 3447 =
552 3400 748 3455 seorrovolezza.
768 3430 802 3440 -·
821 3405 913 3455 erut...
924 3404 989 3455 erut.
1013 3399 1080 3453 Poni
1104 3400 1191 3453 mente
1214 3398 1240 3451 al
1269 3396 1385 3452 cbiasmo
1402 3396 1431 3449 ed

311 3472 477 3527 all’asindeto
495 3472 543 3526 che
561 3473 584 3525 ti
601 3472 722 3526 indicano
741 3471 761 3524 il
780 3473 901 3540 rapporto
929 3471 1100 3526 avversativo.
1120 3500 1154 3510 -
1172 3474 1271 3525 oruata
1288 3474 1356 3523 seut.
1375 3484 1430 3523 cou-

311 3546 382 3599 ciun.
401 3560 456 3597 uon
474 3548 579 3597 erut:
590 3560 716 3597 maneava
734 3542 856 3596 l'artedi
875 3558 949 3611 porre
967 3542 1032 3596 bene
1050 3542 1077 3595 in
1097 3540 1188 3594 rilievo
1206 3539 1328 3611 (ornata)
1340 3538 1366 3593 le
1378 3538 1431 3592 idee

311 3618 394 3669 merob
411 3632 465 3668 una
482 3613 652 3683 disposicione
670 3614 918 3668 simmetricameute
933 3615 1056 3668 accurata
1073 3613 1228 3683 (concina).
1241 3642 1277 3651 -
1313 3614 1391 3669 326.
1404 3610 1432 3662 ia

311 3687 418 3741 senibus
433 3702 509 3754 prae.
528 3702 584 3741 uon
601 3687 662 3740 bob.
674 3710 711 3732 =
722 3702 774 3738 non
793 3702 854 3738 sono
872 3684 998 3755 dignitosi
1018 3700 1063 3754 per
1081 3700 1117 3737 un
1136 3683 1247 3737 vecchio.
1267 3682 1339 3737 Nota
1351 3681 1432 3735 anche

312 3758 357 3828 qni
375 3756 513 3811 l’asindeto
531 3773 545 3810 e
563 3757 583 3811 il
603 3757 718 3811 ohiasmo
745 3759 788 3809 tra
816 3756 930 3811 uduleac.
949 3761 976 3809 et
997 3755 1114 3811 senibus.
1133 3784 1168 3794 -
1186 3760 1241 3808 utu.
1258 3770 1320 3823 qen.
1337 3754 1433 3821 floreas

312 3853 347 3877 =
359 3829 406 3882 ohe
424 3845 468 3881 era
485 3844 583 3881 sommo
601 3828 629 3881 in
648 3830 721 3883 tutte
738 3844 753 3881 o
771 3827 821 3881 dne
849 3828 874 3881 le
900 3827 981 3881 formo
1000 3827 1068 3881 dello
1086 3826 1148 3880 stile
1168 3826 1284 3879 asiatico.
1304 3855 1341 3864 -
1358 3826 1432 3879 clam.

311 3900 364 3965 suc.
377 3922 411 3946 =
423 3900 556 3953 suscitava
582 3900 709 3969 applausi.
729 3916 754 3954 v.
777 3898 834 3953 164.
860 3929 892 3937 -
918 3898 1032 3953 Meucct
1057 3916 1082 3951 v.
1108 3898 1160 3951 325
1179 3914 1193 3950 e
1211 3898 1276 3950 Dia.
1295 3896 1383 3965 biopr.
1403 3924 1433 3933 -

311 3972 382 4026 stud.
401 3972 469 4026 oreb.
487 3987 544 4025 oen.
563 3977 629 4025 seut.
643 3994 677 4016 =
691 3987 784 4025 amave
803 3969 829 4024 la
848 3970 921 4039 copia
939 3986 953 4023 e
971 3969 998 4023 la
1023 3969 1181 4024 delicatezza
1199 3966 1241 4021 dei
1259 3967 1383 4037 pensieri.
1403 3996 1435 4004 -

312 4044 400 4099 dulces
411 4067 448 4088 =
459 4042 600 4095 seducenti.
621 4072 654 4081 -
672 4042 750 4096 utiles
763 4065 799 4089 =
811 4040 960 4109 opportuni.
989 4058 1036 4081 -‘
1049 4040 1163 4094 incitata
1175 4064 1212 4085 =
1224 4038 1298 4107 piena
1319 4037 1346 4091 di
1367 4038 1436 4105 toga.

312 4132 336 4170 v.
356 4114 417 4168 325.
435 4143 470 4153 -
488 4113 599 4170 vibrans
610 4129 670 4167 =e
688 4113 715 4167 di
733 4113 846 4185 energia.
866 4112 1013 4185 L'imagine
1032 4114 1045 4166 e
1065 4112 1133 4167 totta
1150 4110 1194 4165 dal
1213 4112 1287 4184 gotio
1300 4108 1343 4163 dci
1358 4107 1435 4163 darM
