3042 4692
336 298 390 356 128
717 313 751 353 ιι.
769 313 872 355 runnu
892 311 1053 353 cscnnours

331 426 404 504 rint,
426 426 647 508 praeteririque
670 443 688 488 a
709 442 759 488 me
782 423 903 504 aliquot
923 442 960 487 ex
984 423 1141 488 veteribus
1162 425 1450 489 commemoratione

331 524 386 588 ent
406 521 499 587 laude
520 520 638 605 dignos.
663 519 722 586 Sed
744 521 802 585 hoc
824 519 952 603 quidem
969 520 1181 603 ignoratione:
1204 520 1280 603 quid
1300 523 1388 586 enim
1411 524 1455 586 est

330 619 494 704 superioris
516 621 628 684 aetatis
649 617 731 702 quod
753 618 847 683 scribi
861 618 960 701 possit
980 616 1018 682 de
1034 618 1085 695 iis,
1100 617 1267 700 dequibus
1284 618 1376 683 nulla
1391 639 1450 682 mo-

329 719 477 782 numento
497 715 669 799 loquuntur
689 735 745 780 nec
767 715 903 782 aliorum
923 732 980 779 nec
1000 716 1161 798 ipsorum?
1193 716 1241 780 De
1263 717 1313 780 his
1336 720 1451 789 autem,

329 833 405 896 quos
425 815 485 896 ipsi
508 813 654 891 vidimus,
676 813 832 878 neminem
854 812 917 877 iero
939 811 1219 894 praetermittimus
1242 831 1360 891 eorum,
1377 833 1451 896 quos

188 934 190 942 .
259 914 309 972 182
329 912 496 994 aliquando
517 910 654 976 dicentes
675 908 862 975 audivimus.
886 908 964 974 Volo
985 909 1069 976 enim
1084 909 1158 974 sciri
1179 911 1316 975 intanta
1339 913 1448 976 ettam

327 1011 428 1075 vetere
438 1027 471 1073 re
485 1006 620 1090 publica,
632 1008 776 1072 maximis
790 1008 938 1090 praemiis
950 1006 1144 1089 eloquentiae
1159 1007 1336 1090 propositio,
1349 1026 1451 1072 omnes

327 1107 447 1190 cupisse
469 1104 580 1182 dicere,
602 1122 661 1169 non
683 1104 834 1188 plurimos
855 1123 945 1169 ausos
975 1122 1049 1181 esse,
1072 1104 1209 1186 potuisse
1240 1122 1364 1186 paucos.
1389 1105 1450 1188 Ego

327 1208 431 1268 tamen
452 1202 498 1266 ita
515 1201 552 1267 do
574 1221 636 1266 nno
658 1220 781 1284 quoqne
803 1200 915 1279 dicam,
933 1204 972 1266 ut
992 1199 1133 1285 intellegi
1157 1202 1256 1284 possit
1277 1221 1374 1284 quem
1397 1203 1451 1266 cri-

327 1301 452 1366 stimem
473 1299 683 1377 clamatorem,
699 1318 793 1382 quem
815 1301 967 1364 oratorem
989 1297 1094 1363 fnisse.
1117 1298 1234 1363 lisdem
1250 1299 1313 1365 fero
1334 1302 1449 1382 tempo

327 1398 414 1466 ribus
435 1400 536 1462 aetate
558 1396 718 1462 inferiores
740 1395 833 1479 paulo
855 1414 951 1478 quam
973 1396 1086 1473 Iulius,
1109 1395 1163 1460 sed
1180 1396 1328 1478 aequales
1351 1416 1449 1479 prope-

327 1494 453 1560 modum
463 1495 590 1559 inerunt
601 1493 634 1558 C.
649 1493 751 1568 Cotta,
765 1493 799 1558 P.
817 1492 986 1577 Sulpicius,
999 1490 1035 1572 Q.
1048 1491 1174 1571 Varius,
1187 1491 1244 1558 On.
1252 1493 1449 1576 Pomponius,

327 1592 361 1657 0.
387 1591 496 1670 Curio,
519 1592 554 1656 L.
569 1591 694 1668 Fufius,
718 1591 761 1654 M.
779 1592 908 1665 Drusus,
931 1591 967 1654 P.
989 1589 1158 1668 Antistius,
1181 1609 1238 1655 nec
1259 1590 1329 1655 nlla
1349 1592 1448 1655 aetate

258 1707 308 1763 183
326 1689 448 1755 uberior
470 1687 626 1754 oratorum
641 1688 723 1753 letus
745 1689 816 1753 fuit.
840 1688 885 1752 llx
900 1688 949 1752 his
965 1686 1056 1752 Cotta
1074 1688 1106 1751 et
1121 1686 1282 1770 Sulpicius
1297 1706 1371 1752 cum
1385 1706 1449 1751 meo
1503 1772 1504 1779 ἵ

325 1786 441 1853 iudicio
463 1790 531 1850 tum
555 1786 694 1850 omnium
717 1785 809 1850 facile
831 1785 948 1868 primas
969 1785 1120 1850 tulerunt.

325 2017 427 2070 uacari
437 2040 472 2059 =
484 2017 520 2068 mi
534 2019 670 2081 trattengo
688 2031 704 2068 a
722 2014 872 2068 ricordarvi.
891 2045 926 2055 -·
944 2016 1048 2084 aliquot
1064 2031 1098 2068 ex
1110 2021 1188 2068 ceter.
1208 2014 1262 2068 'Pra
1280 2017 1369 2084 questi
1390 2018 1447 2085 pnoi

326 2086 452 2139 ricordare
470 2085 506 2138 M.
521 2086 611 2154 Sergio
629 2085 676 2138 che
694 2085 722 2138 fn
742 2095 842 2154 pretore
861 2086 903 2140 nel
921 2087 955 2139 97
974 2086 1068 2154 (Livio,
1080 2085 1195 2146 XXXII.
1210 2086 1256 2153 97)
1276 2103 1290 2139 e
1307 2087 1361 2140 dne
1379 2087 1447 2141 volte

325 2157 481 2226 prigioniero
499 2156 526 2209 di
545 2156 683 2220 Annibale,
703 2156 730 2209 di
742 2156 784 2210 cui
797 2157 884 2210 Plinio
896 2157 944 2225 (H.
958 2159 1005 2222 N,
1020 2157 1079 2223 vll,
1096 2155 1143 2225 28)
1161 2156 1261 2210 ricorde
1282 2157 1446 2212 un'orazione

324 2229 496 2296 pronunciata
514 2227 626 2281 durante
644 2227 671 2280 la
690 2232 804 2296 pletura.
823 2227 886 2280 nell’
895 2229 1026 2282 occasione
1044 2229 1072 2282 in
1090 2229 1132 2280 cui
1150 2229 1160 2280 i
1178 2227 1292 2296 colleghi
1321 2228 1444 2282 volevano

324 2297 428 2367 ch’egli,
446 2298 552 2352 essendo
570 2297 688 2360 interme,
707 2315 758 2351 non
778 2296 914 2365 prendesse
931 2305 1015 2367 parte,
1032 2297 1140 2354 secondo
1164 2298 1190 2350 le
1207 2299 1404 2365 consuetudini,
1423 2300 1445 2352 ai

324 2370 456 2424 sacrificii:
475 2369 510 2422 M.
531 2367 639 2430 Catone,
658 2370 748 2438 nipote
766 2369 809 2422 dol
830 2368 981 2433 Censorius,
1000 2387 1069 2424 cons.
1088 2369 1131 2422 nel
1152 2369 1212 2431 148,
1230 2369 1305 2423 detto
1317 2370 1352 2424 da
1364 2370 1449 2424 Gellio

323 2439 411 2510 (XIII,
426 2441 469 2511 19)
487 2447 578 2496 orator
597 2441 664 2494 satis
682 2441 824 2502 vehemens,
844 2441 899 2502 che,
918 2441 1048 2510 aeguendo
1069 2440 1210 2508 l'esempio
1229 2439 1351 2505 dell'avo,
1368 2441 1448 2494 tascii>
1502 2456 1503 2501 ι

324 2513 415 2566 scritto
432 2513 533 2565 diverse
551 2512 674 2576 oracioni,
692 2515 735 2564 trs
754 2511 796 2564 cui
814 2527 868 2564 una
887 2527 932 2581 per
950 2517 1080 2566 sostenere
1102 2527 1155 2564 nna
1173 2512 1216 2565 les·
1234 2511 1340 2566 Porcio
1357 2511 1394 2566 da
1411 2513 1448 2564 lui

323 2580 1449 2720 tlttt·§.tutellitltttlttltt·..tumultui

324 2730 367 2775 tra
385 2723 427 2776 oui
445 2723 532 2776 Vsler.
551 2723 629 2775 Mass.
649 2724 750 2776 ricorde
768 2739 821 2776 una
839 2723 916 2777 detta
934 2724 1108 2778 nell‘estrema
1133 2723 1265 2776 vscehiaia
1284 2724 1341 2793 (55)
1359 2731 1450 2777 contro

324 2793 353 2846 L.
362 2791 467 2847 Libone.
476 2810 500 2846 v.
512 2793 609 2862 Meyer,
616 2793 731 2863 Frapm.
741 2799 811 2848 orat.
822 2811 889 2848 rom.
903 2811 917 2848 e
929 2796 1036 2850 Introd.
1046 2796 1068 2849 Ι.
1082 2825 1114 2834 -
1122 2794 1171 2848 sed
1182 2795 1231 2848 toc
1240 2795 1349 2863 quidem
1358 2798 1447 2863 iynor.

323 2887 359 2908 ==
373 2881 416 2917 ma
434 2868 526 2932 questo
545 2866 719 2918 sicuramente
737 2880 855 2922 avvenne
873 2866 965 2934 perche
983 2883 1034 2920 non
1053 2867 1075 2920 si
1094 2881 1243 2918 eonoseono.
1263 2882 1289 2918 v.
1302 2867 1374 2934 App.
1390 2868 1449 2920 erit.

324 2965 358 2974 —
376 2935 450 3003 quid.
468 2951 549 3002 super
566 2941 616 2989 oet.
629 2959 665 2980 =
675 2935 739 3004 qual
757 2952 816 2988 cosa
833 2935 974 3005 dell'epoca
992 2937 1151 3005 precedente.
1172 2952 1196 2990 v.
1209 2937 1285 3004 App.
1299 2940 1359 2990 crit.
1370 2937 1398 2989 11
1410 2954 1450 3006 ge

323 3005 407 3059 nitivo
424 3023 484 3074 sup.
503 3012 554 3060 cet.
573 3006 685 3074 dipende
703 3006 977 3074 graminaticalmente
996 3008 1030 3061 da
1048 3006 1120 3076 quid,
1140 3004 1172 3059 ed
1185 3010 1199 3058 ὸ
1212 3007 1255 3074 poi
1275 3008 1449 3076 logicamente

322 3077 438 3202 crliepetuto
450 3077 596 3201 eus'piegato
608 3076 642 3130 da
655 3077 687 3130 de
696 3079 738 3140 its,
751 3076 799 3158 che
811 3078 865 3200 gie.
876 3079 1015 3202 agggnnge·
1025 3096 1069 3162 per
1085 3077 1310 3213 corrisngndenzal
1316 3078 1449 3202 dellffl)

236 3201 240 3204 .
371 3165 454 3202 amau
507 3164 890 3203 .-m0num.=rscoro.v.
942 3167 1013 3202 .-ι
1070 3165 1168 3200 =anc
1199 3165 1280 3200 ιο.-
1306 3165 1359 3204 ere.
1437 3168 1449 3200 e
1501 3186 1502 3201 .

322 3219 356 3272 ad
375 3223 512 3272 attenuare
537 3219 723 3286 l'espressione
740 3219 881 3273 mutuom.
909 3221 933 3274 Ε
960 3167 1058 3274 inlaztlzi¹
1073 3218 1151 3272 Elsio
1170 3218 1285 3280 Mancia,
1304 3220 1354 3274 che
1372 3238 1448 3289 sopra
1501 3216 1502 3283 l

322 3289 440 3353 ricordai,
458 3306 484 3342 se
501 3291 582 3343 recitd
601 3290 717 3343 l'ultima
729 3289 848 3342 oracione
866 3290 910 3343 uel
930 3292 972 3354 55,
991 3295 1006 3345 e
1023 3290 1098 3360 quusi
1117 3295 1189 3342 certo
1207 3289 1256 3342 che
1275 3288 1331 3344 Cic.
1351 3291 1449 3344 l'abbia
1501 3286 1502 3343 l

322 3361 476 3414 conosciuto.
497 3391 530 3400 -
549 3361 816 3429 quos...audicimus
828 3383 863 3406 =
877 3361 905 3414 di
923 3362 1005 3430 quelli
1024 3359 1132 3415 intendo
1150 3359 1218 3413 ch'io
1239 3358 1296 3413 udii
1308 3377 1326 3413 a
1340 3363 1447 3430 purlare.
1501 3346 1503 3420 Ι

320 3447 344 3485 v.
357 3432 431 3500 App.
444 3432 502 3485 erit.
523 3461 557 3470 -·-
629 3435 705 3489 182.
725 3432 891 3484 sciri=che
909 3433 931 3484 si
950 3434 1048 3502 suppia.
1074 3461 1108 3472 -
1132 3447 1205 3484 max.
1221 3441 1268 3498 pr.
1289 3433 1355 3500 eloq.
1367 3449 1448 3500 prop.

320 3525 355 3548 =
367 3500 432 3555 dore
450 3502 624 3570 grandissimo
643 3506 657 3555 e
675 3503 696 3554 il
720 3517 856 3569 compenso
875 3503 1002 3557 riserbato
1023 3503 1078 3572 agli
1097 3501 1204 3554 oratori.
1227 3499 1282 3556 cfr.
1306 3501 1330 3571 I,
1353 3505 1395 3556 15.
1415 3533 1449 3543 -—

319 3574 469 3640 copore:
484 3575 615 3626 sentiiono
642 3573 662 3626 il
690 3573 826 3626 desiderio.
849 3603 875 3612 -
896 3574 1069 3628 dicore=di
1088 3571 1191 3642 pariare
1212 3571 1241 3625 in
1260 3572 1394 3640 pubblico.
1414 3605 1448 3614 -

319 3659 374 3696 non
388 3643 464 3710 plor.
483 3643 551 3698 Poni
571 3650 658 3697 urente
677 3642 851 3714 all'asindetc,
872 3645 897 3696 sl
915 3645 1030 3699 chiasmo
1048 3645 1088 3698 fre
1106 3643 1145 3712 gli
1159 3642 1251 3695 ultimi
1263 3643 1315 3698 due
1328 3645 1447 3698 membri.

319 3742 355 3754 -
372 3714 508 3768 emanator.
522 3740 557 3762 =
570 3714 692 3769 strilloni.
712 3715 736 3768 Ε
756 3714 834 3766 titolo
850 3715 1047 3784 dispregiativo,
1067 3729 1138 3768 cerne
1157 3713 1257 3767 rabula
1276 3714 1319 3767 del
1338 3732 1366 3768 n.
1386 3716 1447 3773 180.

319 3784 366 3837 che
385 3785 437 3839 Oic.
456 3785 489 3838 dt
508 3803 524 3838 a
542 3786 624 3856 quelli
642 3785 689 3838 elno
707 3803 758 3838 non
773 3785 902 3838 meritsno
921 3787 940 3838 il
960 3804 1034 3840 nome
1053 3792 1168 3839 oratore.
1182 3783 1236 3837 Cir.
1254 3784 1288 3838 de
1309 3784 1396 3848 Orat..
1410 3788 1446 3847 Il,
1500 3802 1501 3807 ¹

319 3853 362 3919 86,
382 3855 431 3918 111,
446 3857 487 3910 21.
507 3887 541 3896 -
562 3858 658 3910 Iulius.
682 3875 705 3910 v.
720 3859 752 3910 77
775 3873 790 3909 e
810 3856 872 3908 Die.
895 3857 978 3924 tecpr.
1003 3889 1037 3897 —
1065 3856 1095 3911 0.
1116 3854 1277 3911 cotumP.
1297 3857 1446 3910 Antistius.

318 3927 352 3979 Di
371 3928 458 3994 questi
477 3928 574 3980 oratori
593 3927 716 3982 Cicerone
734 3928 846 3981 discurre
864 3944 880 3980 a
897 3930 1052 3982 cumineiare
1075 3927 1121 3980 dal
1140 3943 1166 3978 n.
1186 3925 1250 3979 201.
1270 3955 1307 3966 -
1323 3926 1400 3990 fetus
1411 3953 1447 3972 =

317 4013 405 4051 messe.
420 4015 443 4051 v.
459 3999 499 4052 16.
520 4027 555 4037 -
573 3999 680 4051 uberior
692 4023 728 4042 =
741 3999 786 4066 piri
804 3997 904 4050 florida.
925 4029 957 4039 -
1030 4001 1107 4054 183.
1126 3997 1239 4064 primas.
1253 4014 1278 4050 r.
1292 3997 1336 4051 st.
1350 3997 1445 4051 L'ima·

316 4069 379 4136 gine
396 4072 410 4122 e
428 4069 498 4122 totta
515 4067 588 4136 dagli
607 4069 749 4132 atteritis
764 4070 771 4120 i
785 4069 860 4137 quali
878 4068 898 4120 il
917 4069 1158 4137 πρωταγωνιστής
1171 4070 1310 4123 sostencva
1322 4069 1348 4122 le
1360 4070 1444 4138 prime
