3042 4692
341 319 474 376 anunus,
495 321 647 378 cxxxvur,
670 323 794 379 cxxxix,
817 304 976 367 301-304
1163 307 1220 368 221

109 453 241 517 quaeque
263 434 328 518 ipse
343 433 479 499 dixisset.
503 434 579 499 Erat
593 434 624 499 in
640 436 803 503 verborum
818 435 977 520 splendore
993 436 1127 521 elegans,
1144 456 1222 503 oom-
1240 454 1292 508 303

109 532 251 615 positione
273 533 374 616 aptus,
396 531 545 597 facultate
567 533 722 618 copiosus;
744 551 841 616 caprae
864 534 931 624 erat
953 554 1024 601 cum
1040 554 1162 603 summo
1177 536 1222 602 in·

109 630 192 715 genio
214 631 281 695 turn
303 628 574 696 exercitationibus
595 631 740 698 maximis
761 634 951 698 consecutus.
985 632 1063 699 Rern
1086 634 1221 717 eomple-

109 728 244 793 ctebatur
265 727 458 807 memoriter,
480 727 639 795 dividebat
660 730 767 810 acute,
789 749 845 795 neo
867 730 1136 814 praetermittebat
1158 730 1221 798 fere
1298 813 1301 819 y

109 826 290 909 quidquam,
313 825 394 909 quod
417 828 497 892 esset
524 826 557 892 in
579 845 672 893 causa
694 829 750 893 aut
773 827 811 893 ad
833 828 1077 895 confirmandum
1101 831 1156 895 aut
1182 830 1222 895 ad

107 924 313 991 refellendum.
337 924 402 989 Vox
424 942 533 989 canora
555 925 596 990 ab
609 925 723 1006 suavis,
741 927 844 991 motus
866 928 898 992 at
919 928 1025 1011 gestus
1039 925 1135 993 etiam
1150 927 1221 1011 plus

108 1022 178 1087 artis
199 1022 357 1103 babebat,
372 1041 466 1106 quam
492 1024 560 1088 erat
587 1024 700 1089 oratori
722 1024 807 1089 satis.
837 1024 904 1089 Hoc
926 1024 1024 1109 igitur
1045 1024 1221 1091 florescente

108 1120 229 1186 Crassus
250 1122 298 1186 est
318 1122 469 1201 mortuus,
491 1120 582 1187 Cotta
595 1121 714 1205 pulsus,
729 1121 848 1190 iudicia
869 1122 1046 1188 intermissa
1061 1122 1152 1202 bello,
1168 1142 1222 1189 nos

107 1218 136 1282 in
156 1217 258 1283 forum
279 1217 429 1284 venimus.
463 1219 637 1285 LXXXIX.
659 1220 735 1285 Erat
757 1220 941 1293 Hortensius
962 1221 996 1284 in
1018 1220 1100 1287 bello
1122 1221 1222 1305 primo
1240 1225 1292 1280 304

108 1336 181 1383 anno
201 1317 305 1398 miles,
323 1318 421 1384 altero
442 1318 588 1384 tribunus
609 1318 765 1396 militumr
788 1317 949 1403 Sulpicius
964 1320 1088 1404 legatus
1104 1319 1219 1397 aberat,

107 1415 213 1479 obeat
225 1416 322 1481 etiam
333 1415 377 1480 M.
389 1416 557 1493 Antonium
575 1416 772 1483 exercebatur
787 1434 849 1481 una
864 1416 931 1502 lege
947 1415 1101 1483 iudicium
1115 1416 1221 1497 Varia,

108 1514 210 1579 ceteris
230 1515 356 1598 propter
377 1513 496 1580 bellum
518 1514 717 1591 intermissis
740 1513 791 1579 oui
807 1513 950 1597 frequens
965 1515 1100 1595 aderam,
1116 1534 1222 1599 quam·

107 1631 194 1694 quarn
215 1632 272 1696 pro
293 1631 326 1677 se
347 1612 407 1696 ipsi
429 1610 574 1678 dicebant
595 1614 729 1678 oratores
750 1631 810 1680 non
832 1612 882 1677 illi
909 1612 1036 1696 quidem
1058 1613 1221 1697 principes,

108 1832 199 1887 Peroht
216 1833 226 1887 i
245 1831 297 1889 due
314 1833 404 1902 cangi
423 1863 458 1876 «-
505 1836 585 1891 303.
605 1833 681 1888 Erat
697 1848 747 1887 ecc.
766 1832 841 1903 Dopo
858 1832 868 1886 i
886 1832 960 1903 pragi
978 1833 1157 1889 dell'c'noentr'o
1166 1833 1220 1890 (iic.

108 1904 190 1959 indica
206 1904 290 1975 quelli
307 1904 481 1960 dell'etoerett'o
507 1904 669 1977 (uerborum)
693 1904 853 1959 dividendoli
870 1904 896 1958 in
917 1904 934 1959 3
953 1906 1063 1975 gruppi:
1084 1906 1111 1959 10
1129 1906 1222 1975 lingua

108 1975 227 2031 brillante
245 1976 392 2047 (splendor)
410 1992 424 2031 a
443 1975 471 2030 di
489 1975 558 2030 buon
577 1978 669 2045 gusto,
688 1977 717 2029 2⁰
736 1978 870 2031 struttura
883 1976 925 2031 del
938 1976 1040 2046 periodo
1061 1993 1160 2046 sempre
1173 1977 1221 2033 sal·

109 2046 225 2102 demente
243 2048 375 2118 collegato
387 2046 456 2101 ualle
466 2063 513 2101 sue
525 2048 595 2117 parti
607 2046 687 2118 (oerla
700 2062 783 2117 comp.
802 2050 881 2119 apt.);
900 2046 929 2102 3⁰
947 2048 1077 2103 riocbanna
1090 2048 1116 2101 di
1128 2048 1223 2119 lingua

107 2118 181 2187 (verb.
199 2119 254 2184 fac.
273 2120 351 2189 cop).
370 2148 405 2161 -
422 2124 511 2188 uptus.
531 2119 574 2173 68.
593 2148 628 2159 -·
645 2135 701 2172 rem
712 2144 749 2165 =
759 2120 780 2173 il
793 2122 923 2189 soggetto,
933 2119 958 2173 la
971 2136 1055 2175 causa.
1069 2118 1139 2173 Nota
1151 2136 1222 2174 come

109 2190 186 2244 anche
203 2191 213 2244 i
230 2191 308 2261 pragi
326 2190 461 2244 intrinseci
479 2190 553 2244 siano
579 2206 643 2260 pura
670 2190 819 2245 distribuiti
836 2190 864 2244 in
883 2193 923 2245 tre
941 2192 1053 2261 gruppi:
1073 2192 1099 2245 1ο
1118 2190 1221 2245 abbrac·

109 2262 178 2315 ciana
194 2278 242 2316 con
262 2263 290 2316 la
307 2261 434 2321 memoria
453 2262 527 2317 tutta
545 2262 572 2315 la
589 2276 668 2316 cansa
685 2261 752 2330 (rem
770 2262 861 2330 compl.
883 2264 981 2333 mem.);
1000 2262 1028 2315 2⁰
1045 2278 1140 2332 supera
1158 2261 1222 2317 divi·

107 2330 175 2387 deria
191 2333 337 2388 abilrnente
355 2333 417 2403 (dib.
437 2333 502 2404 ac.);
520 2332 548 2388 3⁰
567 2349 617 2387 non
636 2332 676 2402 gli
693 2332 819 2402 slnggiva
844 2331 937 2387 alanno
957 2332 999 2387 dei
1017 2334 1097 2387 mezzi
1116 2332 1162 2387 cha
1181 2348 1222 2402 po·

108 2405 196 2458 muana
213 2404 323 2474 essergli
350 2405 413 2458 utili
440 2406 464 2457 si
491 2420 537 2474 per
564 2402 728 2459 convalidare
746 2405 771 2458 lc
789 2419 834 2457 auo
857 2402 944 2473 parole
960 2404 1008 2458 obe
1025 2420 1071 2474 per
1088 2403 1222 2459 confutare

107 2473 269 2530 l'avrersario
280 2477 340 2546 (aec
352 2480 441 2545 praet.
495 2474 687 2543 rodlandum).
706 2505 741 2515 -
759 2473 832 2543 qnod
849 2480 908 2529 aar
925 2476 955 2528 ia
972 2490 1055 2529 causa
1065 2499 1099 2521 =
1109 2475 1222 2529 inaranti

107 2546 155 2600 alla
179 2564 261 2601 cansa
287 2551 379 2601 abessa.
397 2547 422 2601 Il
440 2563 515 2615 cong.
533 2552 601 2601 esset
617 2549 738 2615 presente
756 2546 777 2599 il
794 2545 911 2615 pensiero
938 2544 982 2599 dal
1001 2548 1084 2616 punto
1106 2546 1133 2600 di
1152 2547 1222 2601 vista

107 2620 253 2686 suggettiuo
271 2618 299 2672 di
318 2618 440 2675 Ortensio
457 2618 504 2687 (=
516 2618 563 2673 che
580 2618 620 2687 gli
638 2616 824 2688 sambravano).
844 2648 879 2657 -
899 2632 959 2673 oorc.
979 2617 1061 2672 Passa
1078 2617 1221 2671 all'ultima

107 2687 170 2743 delle
188 2690 203 2743 5
222 2690 295 2761 parti
312 2690 390 2756 actio,
409 2689 523 2743 disticte
540 2690 583 2743 nei
601 2688 652 2743 due
670 2688 809 2758 principali
828 2688 950 2742 elementi
970 2704 1023 2745 eoas
1041 2704 1054 2743 c
1070 2694 1168 2760 pactae.
1187 2720 1221 2731 ...

107 2775 210 2815 canora.
221 2778 245 2817 v.
259 2761 318 2816 105.
329 2790 362 2801 «-
382 2762 482 2815 accub.
491 2760 582 2815 naon
593 2790 628 2801 -
640 2764 727 2815 metesa
739 2766 764 2814 et
774 2765 870 2830 pestus.
881 2760 972 2815 Fauna
983 2776 1020 2814 nn
1032 2761 1085 2814 solo
1099 2760 1221 2815 membro.

106 2862 138 2871 -·
151 2832 215 2901 plus
232 2833 351 2887 arlia:
362 2832 408 2901 piu
428 2831 547 2886 artificio.
566 2832 608 2886 Da
627 2848 662 2884 un
680 2847 757 2900 passo
780 2831 807 2885 di
827 2830 912 2887 Gellio
931 2832 965 2901 (1,
982 2832 1010 2903 5)
1029 2831 1051 2885 si
1070 2832 1157 2887 ricava
1175 2832 1222 2885 obe

106 2902 191 2959 l'aec'o
209 2904 237 2959 di
257 2903 380 2959 Ortensio
407 2920 451 2957 era
478 2906 571 2973 troppo
593 2902 712 2957 neutrale.
732 2932 767 2943 -
786 2908 851 2957 erat.
871 2903 925 2958 Gon
945 2903 992 2956 obe
1010 2902 1084 2955 modo
1102 2920 1117 2957 e
1135 2906 1222 2971 tempo

106 2973 129 3026 lo
145 2975 301 3029 tradnrrai‘l
317 3004 352 3014 -
372 2973 497 3031 crasans.
516 2992 542 3029 v.
559 2975 624 3028 Dia.
644 2973 727 3044 bz'opr.
740 3004 776 3015 -
796 2972 881 3029 Goba.
895 2990 918 3027 v.
941 2973 1004 3027 Dia.
1027 2974 1111 3043 diopr.
1130 3004 1165 3015 -
1184 2975 1222 3027 aba·

106 3050 173 3101 ben.
185 3048 244 3099 ==i
263 3044 392 3100 tribunali
410 3062 487 3101 erano
505 3045 610 3100 deserti.
629 3075 664 3085 -
682 3044 756 3099 bello.
785 3044 823 3099 lm
845 3061 939 3114 guerra
957 3044 1070 3099 Marsica
1087 3062 1102 3097 o
1122 3044 1222 3099 Sociale

106 3115 149 3170 clre
165 3118 269 3188 seoppib
287 3117 330 3171 nel
348 3117 436 3172 90-89.
455 3148 490 3158 -
508 3115 711 3180 acetaferum
729 3132 786 3171 oen.
806 3115 913 3170 Intendi
936 3131 987 3170 non
1015 3115 1059 3185 gib
1086 3114 1129 3169 nel
1148 3132 1222 3169 senso

106 3186 148 3241 cha
165 3188 219 3243 Cic.
239 3188 336 3243 facesse
353 3188 437 3243 allona
454 3188 464 3242 i
483 3188 562 3259 primi
575 3188 647 3257 passi
658 3187 729 3241 nella
740 3187 852 3241 carriera
870 3186 983 3241 oratoria
1001 3185 1158 3241 cominciata
1170 3187 1222 3240 solo

106 3258 145 3311 nel
162 3259 209 3326 813
227 3276 273 3313 ma
291 3262 335 3313 nel
352 3276 425 3314 senso
444 3258 558 3328 ch'egli,
576 3260 675 3313 vestita
702 3258 728 3312 lu
747 3260 819 3328 toga,
840 3258 964 3311 cominoib
982 3274 998 3311 a
1016 3257 1183 3327 frequentare
1202 3257 1220 3311 il

106 3328 154 3382 loro
171 3348 185 3385 e
203 3332 238 3385 ad
256 3331 421 3385 interossarsi
433 3331 488 3385 alla
500 3330 556 3385 vita
568 3329 699 3400 pubbliea.
712 3327 760 3384 Cib
773 3346 889 3384 arvenna
908 3332 1024 3399 appunto
1037 3330 1080 3383 nal
1093 3330 1138 3385 90.
1150 3328 1177 3383 N
1178 3332 1222 3383 ota

106 3402 144 3468 poi
160 3402 186 3456 la
203 3402 289 3456 forma
307 3401 450 3457 asindetioa
468 3401 511 3456 del
529 3400 633 3471 periodo
651 3400 698 3455 obe
718 3400 752 3455 db
770 3400 862 3455 risalto
880 3417 896 3454 a
914 3401 1034 3455 ciascuno
1052 3400 1094 3455 dai
1112 3400 1175 3455 fatti
1194 3400 1221 3455 di

106 3472 144 3525 cui
161 3472 215 3528 (lic.
233 3476 299 3527 nota
316 3474 337 3527 il
355 3474 530 3528 sinononismo.
550 3473 668 3527 Potresti
686 3471 752 3525 farlo
770 3474 867 3525 sentire
886 3474 951 3526 cosi:
969 3472 1072 3526 Mentre
1120 3472 1155 3527 da
1170 3488 1222 3527 una

106 3545 176 3611 purte
225 3544 363 3599 dall'altru
412 3546 444 3599 ed
462 3546 488 3598 io
544 3574 580 3585 ·-
661 3543 811 3597 LXXXIX.
830 3546 909 3602 304.
929 3544 959 3597 iu
977 3542 1049 3599 bello.
1069 3560 1094 3598 r.
1114 3560 1190 3614 sopra
1208 3560 1226 3599 e.

105 3614 164 3669 Dic.
184 3616 269 3686 diopr.
288 3616 428 3685 —primo
445 3631 527 3671 anno.
546 3615 598 3670 Nel
616 3615 659 3670 90.
678 3644 713 3654 -
731 3615 824 3670 altero.
846 3614 897 3669 Nol
915 3613 958 3669 89.
979 3644 1012 3656 -
1031 3614 1105 3683 Suip.
1125 3632 1149 3669 v.
1170 3614 1222 3669 203

108 3687 199 3741 eDe'a.
219 3689 304 3758 biopr.
323 3718 359 3729 -
376 3689 477 3742 aberam
496 3705 522 3742 v.
540 3688 613 3755 App.
632 3686 692 3740 crte.
710 3716 745 3725 -
764 3686 909 3741 Antonius.
922 3702 948 3740 r.
969 3684 1019 3740 139
1032 3700 1047 3739 e
1058 3688 1122 3741 Dic.
1137 3687 1220 3756 liupr.

107 3786 139 3796 -
155 3773 239 3814 exerc
296 3758 452 3813 Varrb=i
469 3758 599 3813 tribunali
616 3773 694 3810 erano
718 3758 803 3825 aperti
832 3757 884 3811 solo
911 3773 956 3827 per
969 3757 999 3811 'le
1017 3773 1093 3813 cause
1111 3758 1222 3811 relative

107 3827 156 3881 alla
172 3830 250 3900 lagga
268 3830 350 3884 Varia
367 3829 430 3900 (205
449 3846 463 3884 e
480 3830 545 3884 Dia.
559 3830 653 3897 ba'opr,
670 3827 791 3897 Varius).
805 3828 872 3882 Poni
890 3830 977 3883 mente
995 3828 1164 3899 all’a'perbato
1176 3845 1221 3881 con

108 3900 146 3951 cui
163 3899 215 3955 cic.
236 3902 259 3955 ti
278 3905 407 3971 precenta,
425 3899 542 3970 ponendo
554 3900 582 3955 in
594 3900 646 3954 fine
658 3898 727 3953 della
739 3916 810 3969 prop.
830 3900 850 3953 il
869 3916 943 3954 noma
962 3900 1050 3965 Varia,
1068 3902 1143 3954 tutta
1156 3899 1222 3952 l'im·

108 3972 228 4038 portenae
255 3972 386 4027 dell’idea
412 3988 527 4041 espressa
545 3971 589 4025 dal
608 3970 737 4025 vocabolo.
761 4001 797 4011 -
815 3972 868 4025 cul.
886 3971 1031 4026 Riferisailo
1049 3988 1065 4025 a
1083 3970 1220 4025 iudicium.

108 4040 182 4097 Nella
199 4043 363 4112 trudnzionax
372 4044 433 4113 puoi
451 4043 605 4097 cominciare
623 4059 659 4096 un
671 4058 756 4096 nuovo
768 4042 888 4112 periodo:
913 4066 925 4092 ‹
939 4042 963 4097 A
975 4042 1061 4113 questi
1074 4040 1221 4110 processi».

108 4141 140 4152 -
153 4130 206 4185 pro
224 4130 254 4171 aa
269 4115 329 4185 ipsi.
348 4115 373 4169 Id
391 4115 516 4171 collocato
534 4114 563 4168 in
581 4114 712 4185 posicioue
730 4114 845 4169 euletico
863 4130 908 4185 per
925 4112 1097 4169 ravuicinarlo
1116 4112 1142 4165 al
1160 4127 1223 4181 peu-
